2038 2844
814 145 927 150 —.-.
986 125 1012 168 4
1071 145 1183 150 .-

125 243 265 275 rantur.
317 239 416 283 Quae
441 242 529 285 quot
560 239 677 275 socios
703 238 1048 284 comprehenderint,
1075 239 1141 276 hac
1172 239 1277 276 facile
1309 240 1451 276 ratione
1482 242 1678 285 computes.
1734 241 1858 280 Ulixes

126 296 187 332 ubi
211 299 296 342 post
323 299 508 342 acceptam
533 306 555 331 a
581 295 770 332 Ciconibus
796 295 936 331 cladem
953 295 1058 332 litore
1083 306 1250 332 cessurus
1278 299 1335 333 est
1358 296 1577 342 inhospitali,
1607 297 1704 334 senis
1729 299 1858 345 cuique

127 353 210 389 navi
236 353 412 390 minorem
436 353 564 390 tribuit
588 362 791 395 numerum,
830 362 900 398 qua
925 363 965 389 re
989 352 1142 389 totidem
1167 353 1321 399 remiges
1348 353 1430 390 navi
1455 353 1582 400 cuique
1607 354 1753 391 solitum
1776 365 1865 393 esse⁴

123 411 355 447 dinumerare
382 421 462 447 eum
488 420 617 446 rursus
642 420 839 446 monemur.
890 410 1018 446 Amisit
1042 413 1164 446 autem
1188 410 1268 447 hos:

528 467 625 513 apud
650 467 798 503 Cicones
824 467 863 513 (ι,
889 467 951 512 60)
976 469 998 504 6
1029 472 1065 508 ><
1097 469 1140 504 12
1166 483 1213 498 =
1421 469 1468 505 72

522 524 729 571 Polyphemi
754 524 837 570 gula
862 524 900 571 (ι,
927 524 1019 570 344)
1443 527 1466 563 6

522 581 728 627 Antiphatis
755 582 802 628 (κ,
833 581 918 627 116)
1448 585 1465 618 l

1255 658 1397 693 omnino
1424 659 1471 694 79

235 733 267 768 A
291 733 596 778 Laestrygonibus
627 732 757 769 deinde
794 735 834 769 11
870 732 1019 768 navibus
1056 743 1136 769 cum
1172 742 1236 768 suo
1279 743 1421 778 quaque
1452 733 1601 779 remigio
1633 733 1777 778 deletis,
1818 735 1854 771 in

123 801 166 825 ea
192 800 284 834 quae
310 790 389 825 sola
414 790 542 825 relicta
567 793 647 825 erat
672 792 727 824 tot
752 789 946 832 restabant,
972 792 1021 832 ut,
1048 789 1109 825 ubi
1134 790 1172 824 in
1190 791 1343 825 Aeaeam
1359 790 1531 825 advectus
1556 791 1713 827 insulam
1730 791 1853 837 bipar-

120 847 187 883 tito
214 857 293 883 eam
318 846 557 893 pervestigari
581 857 603 882 a
628 846 703 882 suis
729 846 844 890 iussit,
871 845 1070 892 Eurylocho
1097 846 1212 882 socios
1237 845 1402 883 traderet
1425 845 1552 893 viginti
1590 846 1676 892 duo,
1702 847 1854 885 totidem

121 905 199 950 ipse
224 904 408 940 retineret.
459 904 759 950 Quadraginta
784 905 894 950 igitur
918 904 1108 950 quinque
1133 907 1278 949 praeter
1299 915 1422 950 regem
1443 905 1545 940 navis
1571 905 1768 941 exstabant
1794 916 1852 942 re-

122 962 246 1008 miges.
308 961 422 1005 Unde,
465 965 506 998 ut
530 975 556 998 ω
590 962 695 999 litera
713 972 806 1002 ‚eum
848 961 906 1007 qui
938 961 974 997 in
1006 962 1183 1008 principio
1215 962 1386 1008 cuiusque
1418 962 1523 999 navis
1556 965 1634 999 erat
1664 973 1852 1000 numerum

121 1019 306 1065 significet,
334 1020 484 1064 simplex
509 1019 597 1055 haec
622 1020 784 1055 nascitur
808 1019 991 1063 aequatio:

492 1078 729 1113 12x—79
880 1116 894 1125 ⁷
1073 1077 1475 1114 ηις-792540

472 1136 528 1140 —
596 1155 639 1189 12
783 1116 900 1151 :4⁰
1212 1145 1470 1181 12x=619

831 1237 852 1262 x
878 1242 923 1257 =
949 1229 991 1264 51
1020 1226 1078 1262 vel
1102 1229 1160 1264 52.

235 1303 305 1337 Alii
330 1302 401 1337 alia
424 1302 578 1337 forsitan
603 1302 766 1337 obicient.
815 1302 988 1344 Primum,
1021 1302 1114 1346 quod
1140 1302 1241 1337 nobis
1271 1303 1414 1347 quidem
1440 1313 1570 1347 parum
1599 1304 1676 1339 veri
1704 1304 1848 1339 videtur

121 1369 202 1395 esse
229 1358 354 1402 simile,
381 1358 411 1394 si
436 1361 519 1404 post
543 1358 772 1394 foedissimas
799 1357 959 1404 Cyclopis
985 1358 1109 1404 epulas
1134 1359 1328 1404 exaequari
1359 1359 1516 1396 desitum
1546 1370 1628 1396 esse
1661 1370 1850 1396 numerum

121 1416 251 1452 dixerit
275 1416 416 1460 aliquis,
444 1416 640 1461 simplicior
665 1418 836 1452 nascetur
862 1416 1042 1460 aequatio:
1462 1465 1470 1473 .

438 1481 1543 1529 x—6—6—1=451x=45÷13=58.

243 1539 361 1574 Erunt
380 1539 490 1574 etiam
517 1539 578 1584 qui
605 1541 840 1584 exaequatum
866 1539 992 1583 utique
1024 1549 1226 1582 numerum,
1258 1538 1332 1582 sed,
1359 1539 1527 1584 quoniam
1552 1550 1572 1575 e
1597 1539 1747 1576 navibus
1775 1540 1848 1576 illis

121 1596 322 1642 (duodecim
349 1596 442 1631 enim
477 1607 556 1632 cum
582 1607 645 1632 eae
671 1599 804 1639 essent,
832 1606 895 1631 sex
919 1599 1060 1631 tantum
1086 1595 1217 1631 milites
1242 1596 1442 1641 perierunt)
1474 1606 1537 1632 sex
1566 1607 1637 1632 uno
1670 1597 1845 1632 minorem

121 1663 226 1698 quam
252 1655 360 1688 antea
386 1663 572 1688 numerum
610 1653 826 1698 acciperent,
870 1662 933 1687 sex
971 1652 1164 1697 pristinum
1205 1652 1414 1696 retinerent,
1453 1655 1573 1688 utrum
1608 1653 1710 1689 navis
1742 1653 1844 1699 regia

121 1710 237 1754 plenis
256 1709 526 1745 annumeranda
551 1709 599 1745 sit
614 1720 660 1745 an
685 1710 781 1745 cavis
808 1709 854 1755 (si
880 1719 988 1745 naves
1013 1709 1096 1745 licet
1121 1718 1333 1754 componere
1347 1708 1543 1755 mensibus)
1558 1710 1692 1746 rectius
1713 1710 1846 1747 nesciri

121 1767 349 1803 contendant.
379 1767 574 1811 Fingamus
601 1767 743 1811 plenam
769 1766 897 1802 fuisse:
928 1766 1136 1802 habebimus

415 1822 1551 1870 x—6(÷1-—1)=451x=(45÷6=)51.

234 1879 329 1916 Cava
355 1883 445 1924 esto,
474 1883 598 1916 contra
623 1879 797 1916 faciemus
824 1880 874 1916 ita
899 1882 1118 1925 computum:

437 1937 1546 1984 x—6—1—1=451x=(45-{-8=)53.

236 1993 366 2039 Utique
391 1994 499 2039 paulo
527 1994 771 2030 excessisse
807 1993 1125 2040 quinquaginta
1161 2002 1348 2029 numerum
1377 1995 1478 2039 patet
1506 1993 1715 2040 pristinum,
1749 1994 1847 2031 velut

120 2053 262 2087 navium
287 2051 630 2095 Thaumaciensium,
657 2062 806 2096 quarum
834 2052 864 2087 si
891 2051 1000 2088 duces
1027 2050 1187 2096 singulos
1213 2049 1363 2086 navibus
1381 2050 1635 2096 addiderimuS,
1659 2052 1703 2089 51
1732 2052 1846 2089 cuius-

121 2120 189 2153 que
215 2111 331 2144 erant.
381 2108 472 2144 Hinc
498 2109 528 2143 si
566 2108 719 2154 profecti
756 2118 822 2144 nos
861 2108 898 2143 in
934 2107 1110 2153 principio
1152 2107 1268 2144 socios
1319 2107 1542 2151 posuerimus
1578 2107 1691 2144 fuisse
1730 2111 1774 2146 12
1804 2114 1840 2150 ><

119 2168 167 2202 50
191 2165 322 2200 milites
349 2175 426 2200 cum
456 2168 496 2201 12
524 2165 670 2201 ducibus
702 2180 748 2195 =
780 2167 869 2203 612:
935 2164 1029 2201 Ulixi
1055 2175 1077 2200 a
1102 2163 1290 2200 Ciconibus
1320 2164 1531 2209 provehenti
1572 2168 1676 2201 erant
1698 2166 1781 2210 540,
1823 2176 1846 2201 a

120 2232 309 2266 caprarum
334 2221 450 2256 insula
475 2224 556 2264 534,
584 2232 605 2257 a
630 2222 936 2267 Laestrygonibus
962 2222 1018 2257 vel
1042 2223 1089 2258 44
1113 2221 1170 2257 vel
1198 2222 1255 2258 45.

232 2277 329 2320 Quae
355 2278 584 2322 exposuimus
610 2277 729 2312 omnia
753 2277 928 2322 complexi
954 2287 1138 2312 numerum
1164 2276 1384 2312 Graecorum
1409 2280 1615 2314 cunctorum
1640 2281 1677 2315 et
1702 2281 1844 2315 centum

117 2334 260 2370 milibus
286 2334 459 2369 maiorem
485 2337 521 2370 et
560 2334 733 2369 minorem
759 2337 902 2370 centum
941 2334 1090 2379 triginta
1120 2332 1233 2369 fuisse
1265 2333 1420 2375 milibus,
1450 2334 1501 2370 ita
1525 2338 1566 2371 ut
1594 2335 1652 2371 vel
1681 2335 1844 2380 proxime

118 2392 263 2428 abesset
289 2391 334 2427 ab
361 2392 538 2427 exercitus
564 2391 660 2426 illius
686 2401 844 2434 numero,
871 2401 939 2436 quo
964 2390 1125 2426 Parisios
1160 2391 1365 2436 nuperrime
1395 2390 1553 2428 obsideri
1583 2394 1729 2437 coeptos
1762 2401 1844 2429 esse

117 2459 227 2493 supra
253 2448 588 2491 demonstravimus,
615 2458 699 2483 vere
726 2447 1003 2483 aestimabimus.

232 2525 308 2561 Iam
333 2528 368 2561 et
401 2535 469 2570 quo
496 2523 647 2568 facilius,
674 2534 757 2559 num
783 2523 967 2560 Gallorum
998 2523 1108 2569 capiti
1133 2523 1274 2559 Troiam
1305 2524 1412 2561 liceat
1436 2524 1590 2570 quodam
1613 2524 1719 2561 modo
1749 2534 1844 2561 com-

117 2593 254 2627 parare,
282 2582 542 2628 intellegamus,
570 2584 607 2617 et
633 2581 832 2628 quiaquae
857 2582 951 2617 inter
975 2581 1208 2616 Troianorum
1233 2591 1419 2618 numerum
1436 2581 1725 2628 Graecorumque
1750 2581 1845 2618 ratio
