2038 2844
153 254 159 262 .
285 213 332 248 Et
358 212 521 248 Hahnius
546 212 697 258 quidem,
724 213 979 258 sagacissimus
1004 214 1158 250 Troadis
1184 211 1444 260 perscrutator,
1471 215 1633 260 quamvis
1665 225 1744 253 cum
1768 216 1900 254 Forch-

171 270 356 306 hammero
394 269 580 306 Nicola'ide
610 271 644 315 *)
685 270 807 305 multis
856 262 936 306 aliis
981 270 1197 317 Pergamum
1243 272 1279 307 in
1320 271 1524 319 Balidagio,
1573 273 1610 308 in
1653 265 1900 311 Bunarb’aschi

173 324 511 374 (Μπουνάρμπασι
523 328 557 370 *)
584 326 727 362 Troiam
751 326 864 362 fuisse
890 327 996 362 sitam
1022 328 1090 363 sibi
1105 329 1342 372 persuaserit,
1368 329 1425 363 vix
1449 339 1605 374 unquam
1629 332 1752 366 tantae
1777 331 1901 376 ampli-

171 383 308 421 tudinis
338 383 474 427 urbem,
513 386 681 428 quantam
709 382 866 419 carmina
890 383 1037 420 Homeri
1073 384 1243 420 videntur
1272 384 1473 430 ostendere,
1512 385 1585 423 illic
1622 395 1703 423 esse
1739 387 1900 433 potuisse

172 441 366 481 concessit3
394 450 438 474 ne
464 440 546 484 plus
572 440 715 484 quidem
741 450 846 484 quam
871 440 942 474 duo
967 441 1065 475 milia
1090 441 1287 476 incolarum
1311 441 1580 477 Schliemannus
1594 444 1664 488 **).
1715 443 1819 479 Unde
1843 444 1900 480 hic

171 497 292 542 inepte
317 496 368 531 ait
392 505 515 531 omnes
540 495 697 532 iudicare
724 496 783 541 qui
809 496 880 532 alio
905 497 982 532 loco
1008 496 1153 532 Troiam
1180 507 1260 533 esse
1279 497 1486 533 collocatam
1504 498 1716 544 perhibeant
1732 509 1839 545 quam
1863 500 1900 537 in

171 557 292 589 monte
316 553 510 588 Hissarlik.

288 610 341 645 Ex
366 610 411 644 iis
436 613 557 645 autem
589 609 717 655 quibus
749 609 1015 646 Schliemannus
1056 610 1269 646 sententiam
1304 614 1427 647 tuetur
1472 611 1590 647 causis
1638 622 1732 648 cum
1760 613 1900 658 plerae-

170 677 240 713 que
266 667 362 712 quod
387 667 496 703 sciam
522 666 698 703 refutatae
722 668 793 703 iam
818 667 862 703 ab
887 667 1028 703 Hahnio
1055 668 1206 713 aliisque
1232 668 1304 703 sint
1330 668 1439 714 (inte-r
1463 678 1552 714 quos
1577 679 1622 705 ne
1646 669 1746 714 prius
1765 669 1898 707 Ludov.

171 735 310 770 quoque
336 724 542 768 Hasperum
558 724 645 768 ***)
671 724 787 759 virum
812 724 1070 768 amplissimum
1101 725 1339 768 nominarem,
1371 735 1456 761 casu
1488 725 1640 770 quodam
1674 736 1900 771 summopere

172 782 243 817 iam
269 781 373 816 doleo
401 791 481 816 esse
507 780 698 826 effectum),
741 780 829 816 haec
853 781 1003 816 maxime
1030 781 1196 826 speciosa
1226 780 1311 815 mihi
1354 781 1513 824 videtur,
1554 782 1658 826 quod,
1698 792 1900 827 quanquam

171 838 300 874 Troiae
325 848 488 883 campum
513 848 535 873 a
559 837 643 873 Iove
667 840 783 873 totum
813 848 832 873 e
867 837 1030 883 Gargaro
1061 840 1292 882 conspectum
1321 837 1431 873 fuisse
1461 840 1569 883 poe‘ta
1599 838 1704 882 dicit,
1734 841 1853 875 tamen
1880 851 1899 876 e

175 894 456 930 Bunarbasianis
491 894 592 929 clivis
617 894 705 929 Idae
746 894 926 930 cacumina
961 895 1105 930 omnino
1133 894 1289 939 conspici
1313 904 1421 940 posse
1447 898 1565 940 negat.
1616 894 1719 938 Quod
1743 896 1803 931 ille
1828 906 1899 941 quo

171 952 250 987 iure
277 951 416 995 dixerit,
443 951 722 997 viri>regi0num
747 951 888 987 illarum
903 952 1012 998 periti
1036 951 1218 988 videbunt.
1259 951 1345 988 Esto
1370 954 1502 996 tamen,
1534 962 1599 988 nec
1624 962 1667 988 ex
1697 952 1763 988 Ida
1787 952 1898 989 clivus

172 1010 231 1046 ille
248 1010 436 1054 Balidagio
452 1009 637 1054 proximus
663 1020 727 1045 nec
752 1020 772 1045 e
788 1009 1030 1045 Bunarbaschi
1049 1010 1116 1045 Ida
1127 1009 1347 1054 conspicitur
1372 1020 1399 1044 a
1410 1009 1639 1044 mortalibus:
1665 1010 1751 1054 quid
1764 1020 1898 1055 quaeso

172 1066 361 1111 quominus
382 1065 638 1110 conspexerint
661 1065 846 1110 impedivit
872 1065 998 1100 deos?
1048 1065 1145 1108 Quos
1173 1065 1315 1110 quidem
1332 1064 1438 1100 modo
1464 1065 1659 1101 maioribus
1686 1065 1730 1101 ab
1744 1065 1901 1102 Homero

172 1123 278 1159 modo
303 1122 500 1158 minoribus
527 1121 681 1157 describi
708 1121 914 1167 corporibus
939 1121 1123 1166 praeditos
1149 1121 1271 1166 pueris
1298 1122 1405 1157 etiam
1431 1121 1667 1158 decantatum.
1719 1122 1900 1168 Quaprop-

171 1183 229 1214 ter
253 1179 334 1221 nisi,
361 1189 405 1213 ne
430 1178 542 1213 risum
567 1188 790 1213 moveremus
815 1178 851 1212 in
876 1178 933 1213 his
982 1188 1122 1222 quoque
1149 1178 1256 1213 rebus
1283 1178 1499 1223 decempeda
1524 1179 1668 1222 utendo,
1687 1172 1900 1215 ‘verendum

172 1239 285 1273 esset:
318 1235 409 1272 sicut
434 1234 544 1278 Mars,
571 1235 742 1279 dicerem,
777 1234 987 1271 vulneratus
1028 1234 1172 1280 plethra
1208 1245 1358 1280 corpore
1388 1235 1536 1281 tegebat
1566 1238 1721 1281 septem,
1752 1235 1806 1272 ita
1834 1246 1900 1271 nos

173 1304 314 1339 quoque
340 1293 436 1328 Iovis
463 1292 590 1328 saltem
616 1294 685 1329 216
715 1295 909 1328 metrorum
934 1292 1192 1338 proceritatem
1217 1291 1328 1328 fuisse
1354 1291 1529 1338 fingamus
1556 1296 1719 1338 oportet;
1753 1304 1844 1338 quae
1870 1294 1900 1329 si

171 1360 309 1387 summo
343 1349 501 1395 Gargari
535 1349 660 1385 vertici
697 1350 806 1396 (1752
834 1350 932 1395 mtr.)
964 1349 1225 1393 addiderimus,
1266 1360 1308 1385 ex
1341 1351 1435 1386 2000
1466 1348 1543 1386 fere
1573 1352 1675 1386 metr.
1713 1350 1901 1386 altitudine

171 1408 403 1452 despectasse
435 1406 540 1442 deum
565 1406 794 1442 inveniemus.
844 1406 898 1441 Ex
923 1417 995 1450 qua
1020 1406 1056 1441 in
1080 1406 1307 1451 Balidagium
1338 1408 1410 1443 280
1437 1407 1522 1442 inde
1553 1407 1681 1443 stadiis
1707 1407 1900 1443 distantem

172 1465 203 1500 si
235 1474 344 1509 posse
375 1463 511 1508 despici
536 1463 604 1498 viri
628 1462 924 1508 trigonometriae
960 1463 1068 1508 periti
1105 1462 1284 1508 negabunt
1324 1463 1404 1509 (nec
1433 1463 1503 1498 nisi
1535 1466 1675 1500 montes
1705 1474 1724 1499 e
1754 1463 1901 1509 regione

169 1521 347 1565 Balidagii
379 1521 415 1555 in
453 1520 570 1556 altera
603 1519 810 1555 Scamandri
847 1520 928 1564 ripa
958 1520 1048 1555 sitos
1075 1519 1210 1555 emensi
1245 1519 1440 1555 concedere
1464 1520 1666 1565 poten-uno:
1706 1523 1747 1555 ut
1776 1520 1899 1565 utique

169 1588 333 1622 campum
357 1577 520 1622 potuerit
545 1577 691 1620 intueri,
717 1576 837 1611 Iovem
862 1578 1001 1621 patrem
1027 1572 1071 1611 ὅο
1098 1572 1237 1623 κράτος
1253 1573 1332 1611 ἐστὶ
1347 1573 1524 1622 μέγιστον
1548 1587 1571 1612 a
1589 1579 1695 1621 poeta
1719 1576 1899 1612 nonnullis

170 1636 277 1672 etiam
300 1634 454 1680 plethris
479 1637 621 1669 auctum
646 1643 727 1669 esse
753 1633 922 1669 dicemus.

289 1691 393 1734 Quod
431 1701 516 1726 vero
556 1701 600 1726 ne
625 1691 742 1735 ipsum
780 1690 921 1734 quidem
950 1690 1175 1735 Balidagium
1200 1690 1377 1735 Pergamo
1421 1689 1604 1726 suffecisse
1631 1690 1898 1726 Schliemannus

168 1750 228 1795 ait,
255 1749 292 1785 id
317 1759 362 1785 ne
388 1758 454 1784 nos
480 1750 650 1791 moretur,
676 1757 769 1783 nunc
794 1747 936 1792 quidem
962 1747 1052 1783 satis
1077 1746 1252 1784 habentes
1278 1756 1354 1783 rem
1380 1745 1496 1783 obiter
1519 1749 1678 1793 tangere,
1712 1757 1793 1783 cum
1818 1756 1901 1792 spa-

168 1808 257 1844 tium
283 1809 353 1845 999
379 1809 461 1841 mtr.
489 1804 614 1849 quadr.
642 1805 760 1850 (areas
783 1815 871 1849 quas
896 1808 1026 1841 vocant
1061 1804 1199 1850 decem)
1230 1803 1479 1840 Ithacensibus
1504 1804 1620 1840 Ulixis
1646 1804 1794 1841 aedibus
1825 1803 1896 1840 suf-

170 1863 302 1899 fecisse
329 1863 475 1904 dixerit,
510 1861 779 1905 Balidagianam
806 1871 929 1896 aream
955 1862 1042 1904 (100
1066 1861 1126 1895 lat.
1156 1862 1225 1897 190
1248 1861 1358 1905 long,)
1385 1860 1506 1896 decem
1533 1864 1570 1896 et
1594 1864 1732 1906 septem
1761 1861 1817 1896 vel
1834 1870 1899 1895 un-

170 1919 345 1965 deviginti
373 1918 533 1955 eiusdem
557 1916 803 1963 amplitudinis
828 1917 990 1952 domibus
1017 1917 1106 1952 satis
1138 1916 1251 1953 fuisse
1276 1916 1472 1953 concedere
1498 1917 1629 1954 debere
1653 1917 1753 1956 illum
1781 1918 1899 1963 ipsum

168 1976 430 2013 contendimus.
479 1974 553 2010 Nec
574 1973 679 2018 plura
707 1975 949 2018 postulamus;
987 1983 1138 2018 namque
1162 1976 1307 2017 poetam
1335 1983 1477 2019 semper
1506 1975 1592 2010 ulna
1622 1975 1679 2010 vel
1710 1974 1813 2019 regia
1841 1972 1898 2008 vel

168 2032 317 2069 metrica
342 2033 505 2067 utentem
530 2030 766 2074 descripsisse
790 2030 923 2065 Priami
949 2030 1068 2074 aedes,
1095 2030 1175 2074 quis
1200 2032 1256 2065 est
1281 2030 1343 2075 qui
1369 2030 1508 2066 credat!

285 2089 362 2133 Quo
386 2088 506 2134 posito
533 2097 784 2133 concessoque,
811 2088 881 2123 iam
907 2098 951 2124 ne
977 2087 1273 2125 Bunarbasianos
1300 2087 1442 2134 quidem
1468 2088 1578 2124 clivos
1603 2088 1716 2124 multo
1741 2087 1898 2124 minores

168 2157 248 2182 esse
274 2157 383 2191 quam
409 2146 469 2190 qui
494 2144 719 2188 amplitudini
744 2145 781 2179 in
805 2155 909 2180 usum
956 2145 1055 2180 urbis
1081 2145 1286 2189 postulatae
1307 2145 1562 2189 respondeant,
1590 2145 1695 2181 facile
1719 2146 1896 2180 monstra-

166 2204 271 2241 bitur.
325 2203 490 2240 Hahnius
503 2203 596 2240 enim
622 2205 657 2238 et
670 2201 949 2247 Schliemannus‚
975 2205 1016 2238 ut
1040 2201 1208 2239 Hectoris
1231 2201 1451 2248 Achillisque
1477 2202 1573 2239 circa
1590 2200 1715 2239 urbem
1727 2200 1896 2238 ambitum

166 2262 407 2303 imitarentur,
438 2260 639 2295 ambientes
671 2269 750 2294 eam
776 2270 868 2304 quae
898 2259 1015 2296 fertur
1044 2259 1142 2295 urbis
1169 2269 1305 2303 aream,
1343 2262 1427 2304 post
1452 2259 1555 2294 duas
1596 2259 1653 2294 hic
1676 2259 1795 2302 horas,
1835 2257 1895 2292 ille

280 2366 309 2403 ²⁸¹)
333 2365 381 2394 Ita
391 2364 499 2394 scribit
511 2363 548 2394 N.
557 2363 719 2394 Paranieas
739 2365 771 2394 in
791 2374 828 2394 ea
847 2374 907 2402 qua
927 2364 1242 2403 rogumTroianorum
1262 2363 1420 2393 inventum
1441 2373 1459 2393 a
1478 2373 1510 2393 se
1530 2363 1749 2393 demonstravit
1767 2359 1896 2400 epistula

164 2414 262 2460 (Νὲα
275 2411 483 2460 Πανδώρα,
495 2409 630 2455 Ἀθήν.
655 2421 729 2449 1860
748 2429 816 2458 pag.
839 2421 916 2458 264).

279 2470 331 2509 **)
356 2469 400 2500 Cf.
424 2469 536 2498 librum
556 2478 648 2507 supra
669 2468 784 2497 dictum
804 2468 835 2497 in
856 2477 984 2498 examen
1010 2469 1151 2497 vocatum
1172 2476 1190 2496 a
1209 2467 1245 2498 B.
1267 2467 1378 2497 Giseke
1397 2468 1430 2497 in
1449 2467 1648 2498 Leutschiani
1669 2465 1820 2504 Philologi
1842 2463 1888 2493 in·

163 2519 232 2549 dice
250 2519 320 2548 Jan.
344 2519 419 2547 1870
439 2527 469 2554 p.
492 2518 529 2546 35
550 2526 645 2554 sequ„
665 2526 722 2545 nee
744 2526 805 2545 non
826 2516 972 2553 epistulas
991 2516 1024 2544 in
1044 2515 1237 2553 ephemeride
1259 2516 1438 2554 Augustam
1458 2515 1638 2554 divulgatus,
1658 2526 1686 2545 v.
1709 2522 1801 2552 supra
1811 2522 1842 2551 p-
1862 2512 1893 2539 3·

279 2565 356 2604 ***)
379 2565 528 2603 Beitraye
552 2573 609 2594 zur
631 2564 846 2603 Topoyraphie
872 2563 926 2594 der
950 2563 1156 2594 homeri-sehon
1182 2563 1273 2593 Ilias.
1312 2563 1546 2602 Brandenburgi
1568 2563 1640 2592 1867
1667 2557 1891 2602 (programma)-
