2038 2844
129 262 374 303 intercesserit
409 271 481 297 non
521 264 578 297 est
610 272 654 297 ex
685 272 726 297 re
765 261 972 306 perspicere
1020 260 1239 304 accuratius,
1290 260 1329 296 in
1359 259 1398 296 id
1439 269 1578 305 quoque
1618 269 1846 305 quaeramus,

130 321 304 369 quantum
327 318 404 354 fere
428 317 706 353 Troianorum
735 313 920 354 numerum
943 319 1051 362 poeta
1074 316 1230 353 voluerit
1254 316 1527 353 aestimandum.

243 375 434 414 Pauciores
459 374 571 410 multo
598 373 747 410 Graecis
773 384 836 409 eos
861 373 972 410 fuisse
996 373 1157 419 pluribus
1181 383 1367 410 monemur
1390 373 1490 410 locis.
1539 372 1636 409 Cave
1652 372 1846 419 decipiaris

130 438 205 473 loco
238 433 287 477 θ,
309 433 400 474 232;
426 440 509 467 nam
536 430 567 466 si
592 430 743 474 Graeci,
769 434 961 476 antequam
984 431 1092 467 Asiae
1115 431 1223 467 litore
1247 430 1462 476 potirentur,
1495 431 1532 467 in
1563 430 1698 467 Lemno
1727 430 1846 466 insula

129 491 276 529 navibus
301 488 461 535 appulsis
487 487 718 523 convivantes
743 488 902 524 centenis
927 498 967 524 se
991 487 1149 534 singulos
1174 487 1367 523 ducenisve
1383 488 1617 524 Troianorum
1632 497 1743 532 pares
1766 487 1846 524 fore

130 548 318 591 iactabant,
348 556 421 582 non
446 554 632 581 numerum
661 545 852 581 ostendere
880 545 1050 590 hostium,
1076 545 1142 581 sed
1166 554 1267 581 suam
1276 544 1436 590 ipsorum
1463 545 1635 581 virtutem
1665 544 1845 589 volebant,

128 604 370 643 venditatione
400 603 457 638 usi
487 602 754 638 recentissimae
785 602 971 638 Gallorum
1002 602 1228 649 (Figarianos
1269 601 1347 637 dico
1380 602 1621 648 potissimum)
1659 605 1744 638 ante
1784 613 1846 638 ex-

128 666 246 699 ortum
270 660 400 696 bellum
424 659 521 694 haud
543 659 596 694 ita
621 658 796 694 dissimili.
845 659 893 694 Et
915 659 953 695 in
977 659 1128 696 Boeotia
1153 658 1297 704 quidem
1321 659 1444 695 decem
1466 662 1611 695 tantum
1642 662 1679 695 et
1705 663 1843 704 septem

126 719 359 755 Troianorum
383 715 528 751 ordines
554 725 633 750 011111
658 715 804 750 (1110111118
829 718 1158 758 commemorantur,
1185 725 1248 750 sex
1273 725 1316 750 ex
1341 715 1422 759 ipsa
1452 715 1542 755 urbe
1569 725 1648 751 cum
1678 716 1845 752 adiacen-

127 776 223 812 tibus
249 772 464 818 regionibuS‚
491 774 568 808 tres
594 782 614 808 e
639 772 787 817 regione
812 772 863 808 cis
888 772 1158 817 Hellespontum
1183 771 1261 815 sita,
1289 774 1427 816 septem
1447 781 1490 807 ex
1514 772 1621 808 Asiae
1649 773 1843 817 provinciis

128 832 184 868 vel
208 828 547 876 septentrionalibus
571 829 628 864 vel
652 828 897 864 orientalibus.

240 888 354 924 Aliter
383 897 422 923 se
451 886 550 922 locus
581 886 691 922 habet
717 886 751 920 θ
779 886 861 924 562.
917 885 1014 922 Μ1110
1050 888 1133 922 ante
1170 884 1296 921 urbem
1328 884 1430 930 ignes
1467 885 1603 921 incensi
1633 897 1654 922 a
1677 886 1842 922 Troianis

129 948 242 989 erant,
268 945 362 981 circa
379 944 541 989 singulos
566 943 634 978 viri
658 942 770 979 fortes
796 943 1034 989 quinquageni
1046 942 1295 986 consederant,
1319 942 1468 978 totidem
1491 941 1568 978 fere
1593 946 1678 988 quot
1701 944 1842 980 navium

129 1005 319 1039 narrantur
354 1001 465 1037 fuisse
502 1000 844 1045 Thaumaciensium,
885 1001 1048 1037 aliorum.
1098 1000 1186 1037 Cum
1224 1000 1335 1046 igitur
1365 1000 1692 1046 quinquagiens
1727 1002 1842 1038 mille

127 1060 299 1095 Troianos
324 1061 482 1093 armatos
516 1061 599 1093 ante
624 1057 749 1093 urbem
780 1057 993 1093 excubantes
1033 1058 1269 1100 inveniamus,
1301 1057 1391 1092 satis
1421 1067 1584 1102 magnam
1616 1058 1699 1093 inde
1729 1059 1840 1101 urbis,

128 1117 160 1153 si
184 1116 323 1162 quidem
347 1125 413 1160 pro
437 1114 561 1151 incolis
587 1124 709 1150 omnes
735 1114 784 1150 illi
802 1114 956 1151 habendi
974 1116 1065 1159 sunt,
1091 1113 1329 1160 frequentiam
1356 1113 1525 1160 colligere
1549 1114 1679 1159 licebit,
1705 1115 1761 1151 vel
1784 1118 1843 1152 ter

127 1174 203 1209 fere
231 1175 382 1208 centena
424 1172 522 1207 milia
551 1172 768 1213 incolarum,
806 1172 836 1206 si
871 1174 1009 1207 sextam
1038 1171 1194 1206 omnium
1229 1173 1371 1214 partem
1414 1181 1514 1206 arma
1546 1171 1641 1206 ferre
1678 1173 1842 1215 potuisse

126 1229 299 1274 ponimus.
328 1224 344 1239 ⁸

241 1285 344 1327 Quod
372 1285 558 1329 quominus
587 1295 711 1320 verum
737 1295 818 1320 esse
847 1285 1064 1320 arbitremur
1091 1286 1190 1321 locus
1220 1284 1265 1320 ab
1300 1285 1417 1320 altera
1446 1287 1553 1328 parte
1582 1284 1783 1329 prohibebit
1816 1299 1840 1328 1,

127 1343 197 1379 384
222 1341 424 1377 accuratius
449 1341 651 1386 inspectus;
678 1351 747 1386 quo
772 1351 852 1377 cum
875 1340 1015 1376 Thebas
1038 1340 1276 1387 Aegyptiacas
1302 1340 1346 1375 ob
1371 1340 1497 1375 miram
1517 1339 1755 1385 frequentiam
1779 1351 1843 1386 ap-

125 1401 252 1443 pareat
274 1398 413 1433 laudari
437 1398 581 1441 idcirco,
607 1398 692 1445 quia
723 1398 848 1443 viginti
873 1398 970 1433 milia
994 1397 1261 1434 essedariorum
1277 1397 1475 1441 habuerint,
1501 1407 1628 1433 vereor
1653 1401 1694 1433 ut
1730 1399 1841 1434 maio-

127 1465 202 1490 rem
213 1454 324 1490 fuisse
348 1465 533 1490 numerum
546 1455 675 1491 Troiae
699 1455 829 1491 Thebis
853 1466 990 1501 ponere
1015 1455 1116 1490 nobis
1141 1455 1259 1490 liceat.
1310 1454 1388 1497 Qua
1412 1454 1449 1489 111
1474 1465 1524 1496 10,
1552 1455 1646 1499 quod
1664 1455 1726 1490 illa
1750 1456 1842 1501 πρὶν

125 1511 251 1547 ἐλθεῖν
276 1507 357 1552 υἷας
380 1511 538 1559 Ἀχαιῶν
567 1513 678 1548 multo
703 1512 815 1549 fuisse
844 1512 1067 1548 numerosior
1092 1511 1234 1556 dicitur,
1260 1511 1422 1547 consulto
1455 1511 1512 1546 1110
1536 1510 1767 1556 negleximus.

240 1568 310 1604 Sed
335 1569 592 1615 quinquaginta
617 1570 677 1605 illa
705 1569 801 1605 milia
838 1572 1058 1605 armatorum
1083 1578 1162 1604 cum
1198 1568 1332 1604 incolas
1370 1567 1468 1603 urbis
1506 1567 1691 1613 complecti
1729 1569 1839 1604 etiam

126 1626 242 1661 socios
266 1629 307 1661 ut
330 1629 507 1671 putemus,
534 1627 604 1661 alia
628 1636 737 1662 causa
761 1626 907 1662 accedit.
957 1626 1070 1661 Tanto
1096 1626 1189 1661 enim
1211 1625 1333 1670 plures
1357 1627 1465 1669 poeta
1487 1624 1523 1669 β,
1553 1626 1621 1661 124
1645 1624 1730 1660 facit
1746 1626 1840 1670 Aga—

127 1692 346 1718 memnonem
373 1682 550 1719 dicentem
575 1683 728 1719 Achivos
754 1693 835 1719 esse
860 1682 1023 1718 Troianis
1047 1682 1119 1717 illis
1145 1682 1206 1727 qui
1229 1682 1267 1718 in
1291 1681 1379 1717 urbe
1409 1680 1625 1725 habitarent,
1655 1683 1712 1724 ut,
1747 1682 1779 1717 si
1803 1682 1841 1717 in

127 1739 279 1775 decuriis
303 1740 354 1776 illi
379 1740 544 1785 dispositi
570 1740 729 1786 singulos
756 1751 799 1776 ex
823 1739 975 1775 Troibus
1000 1739 1046 1775 ad
1070 1739 1345 1775 ministrandum
1377 1738 1443 1774 sibi
1473 1740 1596 1783 potum
1625 1738 1839 1784 acciperent,

127 1796 262 1831 multae
291 1797 502 1841 pocillatore
531 1797 734 1842 indigerent
764 1797 941 1832 decuriae.
996 1796 1248 1841 Significentur
1277 1809 1304 1830 a:
1319 1788 1456 1831 ‘littera
1484 1795 1628 1830 Troiani
1660 1793 1839 1843 ἐφέστιοι,

123 1865 148 1898 y
177 1863 262 1888 vero
293 1854 483 1889 auxiliarii:
510 1856 549 1889 ut
573 1854 724 1889 maxime
749 1856 891 1889 centum
916 1855 952 1888 et
975 1852 1126 1898 triginta
1150 1853 1249 1888 milia
1273 1852 1491 1888 Graecorum
1515 1851 1626 1887 fuisse
1650 1851 1837 1897 fingamus,

128 1908 331 1947 habebimus
357 1911 605 1956 aequationem
634 1912 678 1948 10
703 1911 740 1957 (x
763 1910 810 1958 †
843 1910 880 1956 y)
907 1926 953 1941 =
985 1911 1147 1955 130‚000.
1197 1911 1312 1954 Quam
1336 1913 1375 1946 ut
1400 1920 1420 1945 e
1445 1910 1524 1955 lege
1556 1909 1736 1945 solvamus
1761 1909 1840 1947 fieri

129 1976 199 2001 non
217 1968 360 2011 poterit,
393 1978 472 2003 cum
497 1978 541 2003 ne
562 1968 600 2003 id
635 1968 786 2012 quidem,
811 1968 925 2002 maior
950 1967 1072 2003 littera
1095 1980 1122 2001 ω
1146 1968 1194 2003 sit
1211 1978 1315 2012 quam
1341 1968 1458 2002 altera
1473 1977 1593 2009 necne,
1620 1970 1841 2011 compertum

128 2022 328 2061 habeamus.
377 2024 480 2061 Prius
505 2027 627 2062 tamen
651 2024 726 2061 veri
751 2023 900 2060 similius
925 2023 1128 2061 dixerimus.
1177 2024 1280 2061 Unde
1303 2025 1396 2062 7000
1421 2026 1527 2068 certe,
1553 2022 1709 2059 fortasse
1733 2022 1841 2068 plura

128 2080 236 2116 etiam
260 2092 372 2127 usque
398 2082 445 2118 ad
471 2084 601 2126 10000;
640 2093 660 2118 0
690 2082 817 2127 quibus
850 2084 892 2117 ut
916 2081 1113 2117 incolarum
1138 2082 1293 2118 omnium
1325 2092 1513 2117 numerum
1550 2081 1742 2125 eliciamus,
1779 2081 1840 2117 ubi

127 2137 267 2174 sexiens
297 2139 517 2184 duxerimus,
552 2140 757 2176 habebimus
788 2140 908 2177 42000
941 2159 988 2164 ——
1013 2141 1133 2177 60000
1156 2140 1356 2175 incolarum
1380 2139 1517 2174 Troiae.
1567 2137 1627 2173 Sin
1666 2138 1703 2174 id
1745 2138 1840 2183 quod

128 2203 238 2240 supra
261 2197 409 2242 propius
435 2197 563 2233 abesse
589 2208 611 2233 a
635 2207 720 2233 vero
751 2196 919 2240 diximus,
953 2198 1093 2232 tantum
1121 2199 1166 2234 10
1197 2200 1232 2239 (x
1263 2196 1311 2243 -1-
1335 2196 1372 2242 y)
1398 2212 1445 2227 =
1473 2196 1622 2239 100,000
1654 2205 1842 2231 concesse-

126 2251 250 2287 rimus:
276 2255 413 2289 numeri
437 2254 519 2289 inde
545 2256 738 2289 nascentur
751 2254 871 2290 36000
897 2274 942 2279 —
967 2254 1096 2290 54000.

238 2308 340 2351 Quod
364 2311 395 2346 si
419 2321 463 2346 ne
488 2310 544 2345 his
570 2310 712 2355 quidem
736 2309 890 2345 fortasse
916 2311 1103 2345 contentus
1129 2309 1272 2354 aliquiS,
1314 2309 1374 2354 qui
1407 2308 1699 2354 peregrinatores
1724 2317 1842 2352 nuper

126 2364 241 2400 locum
264 2366 391 2404 Troiae
416 2368 453 2403 in
477 2377 600 2413 campo
627 2366 835 2403 Scamandri
868 2365 1059 2413 (Mendere)
1083 2366 1281 2402 Rhoeteum
1309 2366 1405 2401 inter
1434 2368 1472 2401 et
1497 2365 1640 2411 Sigeum
1671 2375 1841 2410 promun-

124 2422 220 2458 turia
241 2423 450 2468 profluentis
475 2424 654 2461 invenisse
680 2423 747 2460 sibi
770 2424 867 2459 visos
893 2433 974 2459 esse
999 2423 1162 2467 audierit,
1189 2425 1339 2468 quaerat
1354 2423 1516 2468 possitne
1542 2433 1562 2458 e
1587 2422 1669 2458 clivi
1691 2421 1841 2457 circuitu

126 2480 344 2517 moeniumve
370 2482 540 2528 reliquiis,
575 2484 663 2527 quot
691 2481 828 2517 incolae
853 2480 939 2516 olim
969 2479 1113 2524 fuerint,
1139 2480 1271 2526 colligi:
1297 2482 1437 2516 tantum
1466 2479 1580 2523 abest,
1617 2481 1658 2514 ut
1683 2489 1726 2515 ex
1761 2478 1841 2514 loco

126 2534 231 2573 liceat
255 2549 442 2576 numerum
467 2539 645 2582 conicere,
677 2541 718 2574 ut
747 2538 909 2575 homines
935 2538 989 2574 illi
1015 2537 1112 2574 docti
1141 2548 1184 2574 ex
1216 2548 1364 2573 numero
1389 2537 1634 2580 Troianorum,
1667 2539 1842 2582 quantum

125 2591 237 2630 fuisse
262 2606 343 2632 eum
367 2596 600 2640 arbitrantur,
628 2595 672 2632 de
698 2595 775 2631 loco
800 2595 901 2631 urbis
926 2595 1166 2632 coniecturam
1198 2594 1360 2631 fecerint.
