2038 2844
156 726 252 782 De
291 742 540 780 numero
582 727 642 780 et
680 722 1046 779 Achivorum
1087 722 1323 778 Troiam
1364 723 1759 779 obsidentium

387 824 447 877 et
488 820 878 876 Troianorum
917 819 1180 893 ipsorum
1221 819 1537 892 quaeritur.

214 973 454 1018 Posteaquam
501 982 616 1016 nuper
657 971 753 1016 piam
788 973 997 1016 gratamque
1039 970 1180 1016 imperii
1213 970 1415 1007 Germanici
1448 971 1505 1006 die
1532 972 1818 1016 auspicatissimo

98 1030 265 1075 auspiciis
297 1029 478 1066 Guilielmi
514 1029 611 1073 regis
642 1028 893 1072 gloriosissimi
922 1028 1113 1063 instaurati
1139 1028 1348 1063 memoriam
1379 1028 1561 1063 nobiscum
1595 1029 1818 1071 recoluimus,

99 1088 172 1123 iam
196 1086 400 1122 novissimis
424 1085 583 1121 Ianuarii
609 1084 734 1120 diebus
759 1094 830 1119 non
855 1084 1034 1129 potuimus
1060 1094 1130 1120 non
1156 1084 1340 1120 recordari
1366 1084 1464 1120 urbis
1490 1085 1604 1128 istius,
1632 1095 1723 1129 quae
1749 1085 1818 1120 etsi

99 1146 250 1189 propter
264 1143 454 1188 ,ingentem
478 1142 535 1177 vel
562 1141 670 1177 etiam
694 1141 883 1177 immanem
908 1140 1178 1186 amplitudinem
1204 1150 1327 1176 omnes
1359 1141 1415 1176 vel
1439 1140 1715 1177 fortissimorum
1739 1142 1819 1187 plu·

99 1200 339 1245 rimorumque
363 1199 521 1234 hostium
545 1201 695 1234 conatus
722 1198 868 1234 eludere
892 1198 1097 1241 videbatur,
1127 1201 1212 1242 post
1237 1199 1295 1233 vix
1320 1201 1441 1233 tamen
1467 1199 1619 1242 quinque
1644 1199 1818 1233 mensium

99 1256 320 1292 obsidionem
357 1255 454 1291 ferro
485 1254 648 1300 fameque
677 1265 699 1290 a
726 1254 948 1290 nostratibus
974 1257 1031 1290 est
1054 1254 1158 1290 victa.
1210 1253 1272 1290 Cui
1299 1254 1441 1299 quidem
1482 1254 1660 1290 obsidioni
1685 1265 1704 1291 e
1740 1265 1819 1291 sex-

99 1313 212 1349 decim
236 1313 308 1349 illis
334 1323 422 1358 quas
447 1312 670 1348 Parisiorum
694 1312 781 1347 urbs
806 1322 980 1357 perpessa
1011 1314 1067 1347 est
1097 1312 1197 1347 nulla
1220 1312 1362 1347 videtur
1387 1312 1535 1348 similior
1559 1312 1685 1357 fuisse,
1714 1323 1818 1357 quam

99 1380 170 1415 qua
194 1380 287 1406 anno
315 1371 406 1408 1594
430 1380 516 1407 eam,
534 1369 606 1405 iam
628 1372 705 1404 tum
733 1369 1010 1414 propugnaculis
1036 1368 1193 1414 undique
1218 1369 1395 1413 vallisque
1428 1379 1534 1414 quam
1559 1370 1712 1405 maxime
1743 1380 1818 1405 mu-

98 1427 209 1463 nitam
235 1437 297 1462 rex
321 1427 400 1472 ipse
413 1426 590 1462 Henricus
615 1426 665 1461 IV
690 1426 918 1471 expugnavit.
968 1425 1039 1461 Sed
1062 1426 1176 1461 multo
1195 1426 1323 1462 deinde
1349 1429 1385 1461 et
1401 1427 1562 1462 vastiora
1587 1430 1624 1462 et
1648 1426 1817 1469 firmiora,

99 1494 204 1528 quam
229 1483 371 1519 fuerant
394 1487 515 1518 turres
540 1494 562 1518 a
586 1482 764 1518 Ludovico
790 1482 949 1527 Superbo
997 1493 1029 1517 a.
1068 1484 1161 1520 1670
1186 1486 1356 1526 remotae,
1382 1483 1459 1518 urbi
1492 1483 1709 1519 circumdata
1735 1487 1819 1519 sunt

98 1540 317 1577 munimenta
341 1543 425 1577 ante
449 1541 523 1576 tria
545 1539 623 1576 fere
655 1539 834 1584 decennia,
865 1550 1011 1575 suasore
1038 1550 1080 1575 eo
1105 1540 1193 1584 viro,
1229 1551 1335 1585 quem
1372 1540 1514 1585 ingenio
1555 1540 1670 1586 magis
1712 1551 1819 1585 quam

98 1600 238 1632 statura
262 1597 357 1633 inter
368 1597 463 1632 cives
489 1607 574 1631 suos
586 1597 799 1632 eminentem
808 1596 1218 1641 nuncFrancogallorum
1229 1597 1335 1632 rebus
1349 1597 1479 1632 scimus
1491 1596 1713 1642 praefectum
1727 1607 1819 1632 esse.

212 1653 316 1690 Unde
341 1653 426 1699 quid
449 1653 589 1698 mirum,
616 1653 647 1689 si
672 1655 708 1690 et
732 1652 908 1690 moenium
930 1653 1160 1699 amplitudine
1186 1657 1223 1690 et
1248 1653 1513 1691 defendentium
1538 1665 1685 1691 numero
1711 1658 1819 1700 atque

97 1711 287 1746 alacritate
311 1711 407 1746 freta
429 1711 710 1746 insolentissima
734 1711 955 1745 Parisiorum
987 1720 1091 1754 gens,
1123 1714 1164 1745 ut
1189 1711 1386 1755 expugnari
1411 1711 1537 1746 urbem
1561 1721 1669 1755 posse
1695 1711 1819 1746 crede-

98 1769 190 1810 rent,
215 1767 260 1803 ab
286 1767 415 1803 animis
440 1767 537 1803 nullo
562 1769 667 1812 pacto
693 1766 943 1812 impetrabant.
993 1766 1068 1803 Nos
1094 1770 1231 1811 contra,
1258 1767 1341 1803 dum
1367 1770 1402 1803 et
1428 1769 1558 1813 poetae
1594 1770 1630 1803 et
1654 1767 1818 1803 homines

98 1823 193 1859 docti
218 1825 470 1869 antiquissima
495 1834 657 1868 quaeque
681 1827 846 1868 tempora
858 1827 1158 1868 recognoscentes
1173 1825 1313 1867 animis,
1340 1825 1504 1868 quotiens
1532 1824 1576 1859 de
1593 1825 1699 1858 unius
1717 1825 1819 1859 urbis

97 1880 248 1925 imperio
271 1880 396 1926 populi
420 1880 515 1915 inter
541 1889 579 1915 se
605 1879 674 1915 duo
701 1878 995 1925 disceptaverint‚
1030 1879 1115 1925 quid
1141 1882 1198 1916 est
1229 1890 1292 1917 cur
1322 1880 1506 1924 miremur,
1540 1879 1585 1924 si,
1616 1890 1694 1916 cum
1721 1883 1819 1916 esset

98 1936 185 1973 urbs
212 1941 333 1984 capta,
363 1938 399 1973 in
423 1937 552 1974 libellis
577 1938 648 1973 illis
674 1937 816 1973 nomine
842 1937 1115 1974 Cladderadacii
1140 1938 1300 1973 inaudito
1335 1938 1527 1982 aliquando
1553 1948 1646 1974 nunc
1670 1939 1707 1973 in
1733 1938 1819 1973 orbe

96 1994 283 2029 notissimo
327 1994 527 2039 insignibus
569 1997 678 2038 po’e'ta
708 1994 867 2038 quidam,
914 1994 1068 2029 aliorum
1105 1995 1297 2029 multorum
1328 1995 1429 2038 quasi
1471 1994 1589 2029 factus
1627 1995 1818 2038 interpres,

96 2050 185 2087 haec
209 2051 374 2087 intonare
399 2060 470 2087 non
488 2049 677 2087 dubitavit.

326 2131 356 2162 1.
383 2127 458 2162 Wz'e
482 2128 570 2162 eiust
594 2126 669 2161 dem
694 2126 858 2162 Peleiden
882 2139 960 2161 zum
984 2126 1089 2161 Holm

382 2184 464 2231 lang]
488 2191 607 2219 trotzce
631 2183 697 2219 das
722 2184 844 2232 heilzye
868 2184 971 2228 Ilion,

380 2240 455 2275 und
478 2241 577 2289 lanqe
601 2240 664 2275 der
687 2240 904 2276 stiirmenden
927 2239 1062 2276 Helden
1088 2240 1220 2276 Gewalt

382 2297 547 2332 machtlos
570 2298 632 2333 wie
657 2297 720 2332 der
742 2297 841 2341 Pseil
862 2310 937 2332 vom
961 2297 1085 2332 Felsen
1106 2297 1216 2344 prallt
1239 2319 1286 2323 —

325 2416 356 2447 4.
382 2410 429 2447 So
454 2411 693 2447 umklammert
719 2411 928 2447 Germanias
953 2410 1112 2460 sz'eqende
1137 2411 1255 2447 Maclzt

379 2468 436 2504 die
457 2469 625 2517 yallische
647 2469 771 2504 Riesin
795 2469 853 2504 bei
875 2468 949 2517 Tay
972 2468 1048 2504 und
1068 2469 1201 2515 Nackt5

380 2527 504 2562 munch
526 2526 710 2562 deutschen
734 2526 879 2572 Heldem
905 2526 984 2562 heut
1001 2525 1211 2574 juqendroth

377 2604 424 2611 ——
450 2583 512 2619 der
536 2584 680 2632 Morqen
704 2584 769 2619 ach
781 2583 885 2631 fand
907 2583 967 2619 ilm
992 2583 1101 2618 bleich
1125 2582 1200 2618 und
1221 2590 1277 2620 tot.
1302 2606 1349 2611 -—
