2038 2844
117 260 282 297 n'edelten
305 257 534 295 hellenzhcken
562 257 712 292 Formen
743 256 900 292 arischer
925 256 1080 305 Ursaqen
1119 255 1185 292 den
1218 255 1374 304 dortzyen
1400 254 1735 292 Ortsverkaltnsssen
1759 255 1842 301 anst

119 322 187 355 cet.
235 316 339 353 Unde
364 326 409 351 ne
434 314 471 349 id
497 313 641 359 quidem
671 313 791 350 licebit
823 323 1016 358 quaerere,
1048 316 1202 358 quantus
1228 316 1289 349 aut
1315 313 1536 349 Graecorum
1560 312 1670 348 fuerit
1694 312 1840 348 Troiam

119 373 360 410 obsidentium
384 380 552 406 numerus
596 372 659 406 aut
682 369 877 414 amplitudo
902 370 1013 413 urbis,
1039 370 1104 405 sed
1129 373 1338 414 quantum
1377 380 1399 405 a
1436 369 1688 414 legentibus
1721 368 1840 404 audi-

120 429 348 468 entibusve
373 426 493 463 credi
519 425 755 462 exercitum
780 425 1039 462 Graecorum
1062 425 1199 462 fuisse
1232 429 1474 472 quantumque
1504 426 1633 462 Troiae
1663 425 1720 462 vel
1751 425 1840 461 Per-

119 486 215 533 gami
240 485 426 522 circuitum
449 484 576 528 poeta
599 482 798 519 voluerit.
845 482 900 518 De
925 482 1032 519 hacce
1056 484 1127 518 iam
1152 494 1192 519 re
1217 493 1429 529 quaeramus
1453 483 1665 520 accuratius.

233 543 282 579 Et
304 541 460 587 primum
484 539 625 585 quidem
650 539 815 584 secundo,
845 540 901 576 cui
924 540 1092 577 Boeotiae
1118 550 1245 576 nomen
1270 543 1334 584 est,
1360 540 1450 577 libro
1477 541 1567 577 duce
1592 543 1719 586 gentes
1743 540 1839 586 Aga-

119 600 296 636 memnoni
322 598 423 645 quasi
446 596 658 641 imperatori
681 599 853 641 parentes
871 597 1134 633 enumerandae
1157 599 1256 641 sunt3
1287 597 1530 642 inspiciendae
1548 596 1676 634 deinde
1703 597 1838 633 alterae

119 667 211 703 quae
236 667 258 692 a
281 655 413 692 Priami
436 653 599 700 partibus
625 653 779 689 stabant.
830 653 929 697 Quae
959 664 1027 699 quo
1057 654 1198 690 facilius
1221 654 1316 690 inter
1345 665 1383 691 se
1421 654 1708 701 distinguantur,
1743 655 1838 691 linea

119 715 157 749 in
182 714 315 749 chartis
340 710 587 757 geographicis
612 721 655 746 ex
679 710 800 745 oribus
825 711 905 745 Axii
928 711 1025 746 fluvii
1049 708 1256 747 transverso
1270 712 1411 756 Aegaeo
1438 712 1587 747 ducatur
1607 712 1669 755 ita,
1698 715 1738 746 ut
1751 711 1837 755 Con,

120 769 285 815 Nisyron,
312 768 450 815 Symen,
476 766 625 802 Rhodon
649 766 785 802 insulas
810 777 832 802 a
856 765 960 803 Caria
985 768 1161 813 seiungat.

235 826 283 862 Et
307 826 448 860 illorum
474 823 616 868 quidem
648 823 708 867 qui
733 823 960 858 Graeciam
991 824 1206 868 propriam
1236 824 1438 859 incolebant
1470 827 1595 869 gentes
1626 825 1700 859 sive
1742 824 1838 859 ordi-

121 893 184 918 nes
211 883 396 917 enumerat
426 882 607 925 septem:
654 879 819 923 Boeotos,
845 879 993 926 Minyas,
1018 879 1233 923 Phocenses,
1259 880 1468 924 Locrenses,
1494 880 1663 924 Abantes,
1689 880 1837 916 Atheni-

121 948 238 982 enses,
265 937 475 973 Salaminios
499 957 546 962 -
572 936 633 981 qui
657 946 766 971 naves
784 936 1008 981 complebant
1034 938 1123 978 262;
1148 936 1570 981 Peloponnesiorum
1595 937 1721 972 deinde
1747 947 1835 972 sex:

120 995 283 1040 Argivos,
309 993 531 1039 Mycenaeos,
557 993 728 1036 Lacones,
752 992 880 1037 Pylios,
906 992 1074 1035 Arcades,
1101 992 1209 1028 Eleos
1226 1013 1272 1018 —-
1289 1002 1398 1028 naves
1423 994 1509 1035 4303
1536 993 1836 1029 insulanorum

121 1060 248 1086 rursus
274 1052 453 1095 septem:
479 1048 698 1084 Echinadum
722 1048 868 1091 incolas,
895 1048 1139 1093 Cephallenes,
1164 1049 1324 1092 Aetolos,
1352 1049 1552 1092 Cretenses,
1578 1049 1747 1091 Rhodios,
1773 1049 1837 1094 Sy-

121 1107 222 1149 mios,
248 1106 338 1141 Coos
363 1126 409 1132 —
427 1107 498 1141 214
523 1114 648 1147 naves;
676 1104 996 1139 Thessalorum
1022 1105 1174 1149 denique
1199 1115 1363 1139 novem:
1405 1104 1673 1150 Myrmidonum,
1709 1106 1837 1151 Phyla-

121 1163 289 1207 censium,
327 1161 571 1206 Pherensium,
614 1161 954 1205 Thaumaciensium,
985 1161 1250 1205 Triccanorum,
1292 1160 1557 1205 Ormeniorum,
1591 1162 1836 1208 Lapitharum,

120 1221 337 1264 Aeneanum,
362 1219 571 1265 Magnetum
595 1239 643 1246 —
666 1229 774 1254 naves
800 1220 879 1256 280.

235 1276 433 1312 Universus
459 1276 542 1311 inde
567 1276 709 1311 navium
738 1285 908 1311 numerus
934 1275 1086 1311 efficitur
1114 1277 1206 1312 1186
1232 1286 1310 1311 cum
1336 1276 1484 1311 ducibus
1515 1279 1642 1320 quater
1672 1276 1835 1319 undenis,

122 1343 225 1378 quem
262 1332 416 1368 Ioannes
445 1332 594 1368 Tzetzes
630 1332 687 1368 vel
723 1342 830 1367 versu
859 1333 1057 1377 exprimere
1094 1332 1220 1367 metris
1257 1332 1427 1368 illudente
1457 1336 1645 1368 cunctatus
1676 1343 1748 1368 non
1780 1336 1838 1369 est

122 1389 300 1436 (Prohom.
330 1390 426 1434 192):
452 1390 585 1423 ναυσὶν
610 1386 648 1422 ἐν
673 1385 907 1434 ὀγδοήκοντα
932 1389 994 1423 καὶ
1026 1384 1063 1431 ἓξ
1092 1389 1229 1435 χιλίαις
1258 1387 1394 1424 ἑκατόν
1427 1401 1473 1423 τε.
1525 1390 1555 1424 Ε
1580 1390 1836 1425 recentissimis

121 1446 365 1482 Nicolai‘des
401 1445 585 1481 Cretensis
618 1445 651 1490 *)
681 1445 737 1480 vir
773 1446 1039 1490 sagacissimuS,
1070 1445 1140 1480 ·ubi
1171 1445 1258 1481 duce
1287 1446 1437 1481 Boeotia
1466 1449 1588 1481 castra
1618 1445 1836 1482 Graecorum

121 1503 216 1547 quali
240 1503 352 1538 fuisse
376 1502 568 1538 debeamus
593 1502 763 1537 arbitrari
788 1502 972 1546 ingeniose
997 1502 1182 1545 explicuit,
1203 1492 1355 1537 'etiamsi
1387 1506 1423 1537 et
1447 1503 1525 1546 ipse
1543 1505 1695 1546 quatuor
1712 1512 1836 1537 omnes

121 1558 309 1594 ordinibus
329 1558 517 1603 disposuit,
542 1560 673 1602 tamen,
700 1567 768 1602 quo
786 1557 904 1603 aptius
921 1557 1015 1593 inter
1040 1567 1080 1593 se
1097 1558 1258 1594 membra
1275 1558 1472 1603 composita
1489 1558 1572 1602 sint,
1597 1558 1836 1604 Phylacenses

122 1626 165 1651 ex
190 1617 318 1660 quarto
343 1615 507 1659 demptos
542 1614 667 1650 ordine
697 1614 803 1660 primi
828 1614 905 1650 loco
940 1615 1061 1658 quinto
1095 1615 1290 1650 collocavit.
1349 1615 1425 1650 Iam
1454 1615 1600 1659 quoteni
1631 1615 1667 1650 in
1698 1625 1837 1660 quaque

120 1672 203 1707 navi
229 1671 338 1707 socii
363 1671 535 1707 insuerint
560 1671 745 1716 quaerenti
771 1671 902 1716 triplex
926 1671 1167 1716 respondendi
1191 1671 1249 1706 via
1274 1671 1445 1716 aperitur.
1495 1671 1542 1706 Et
1559 1671 1737 1707 Homerus
1764 1672 1838 1716 qui·

121 1728 202 1764 dem
226 1731 372 1774 praeter
383 1728 600 1764 Boeotorum
624 1738 746 1772 naves,
773 1738 860 1773 quas
886 1730 1094 1764 centenos
1119 1728 1291 1765 vicenos
1318 1728 1518 1773 complexas
1545 1738 1626 1764 esse
1641 1729 1702 1772 ait,
1729 1732 1837 1774 atque

122 1785 465 1829 Thaumaciensium,
497 1785 623 1830 quibus
653 1785 975 1830 quinquagenos
1008 1785 1121 1829 dedit,
1165 1785 1209 1821 de
1233 1785 1453 1830 reliquorum
1493 1796 1641 1821 numero
1683 1796 1837 1830 prorsus

121 1842 243 1877 tacuit.
294 1842 371 1884 Qua
400 1852 443 1877 ex
467 1852 507 1877 re
534 1842 564 1877 si
591 1842 669 1886 quis
695 1841 961 1887 quinquagenos
993 1844 1135 1877 tantum
1168 1841 1204 1876 in
1239 1841 1310 1877 illis
1337 1852 1475 1886 quoque
1499 1841 1611 1877 fuisse
1642 1842 1838 1887 collegerit,

122 1908 214 1943 quae
238 1901 321 1943 post
345 1898 678 1934 Thaumaciensium
703 1900 945 1941 recensentur,
971 1898 1118 1943 reliquis
1145 1898 1308 1934 omnibus
1326 1899 1470 1934 vicenos
1496 1902 1533 1934 et
1557 1901 1745 1945 centenos:
1771 1898 1837 1934 hos

119 1955 276 1990 inveniet
299 1965 483 1991 numeros:

525 2012 616 2049 1017
646 2016 681 2052 ><
714 2012 784 2048 120
807 2027 854 2042 =
881 2012 1031 2055 122,040

547 2070 614 2106 169
645 2075 681 2109 ><
733 2070 782 2106 50
805 2084 852 2099 =
938 2070 1032 2106 8450

884 2146 1035 2188 130,490

235 2200 369 2237 Contra
399 2201 430 2236 si
463 2202 542 2247 quis
566 2204 695 2246 poetae
722 2202 772 2237 sic
801 2201 910 2238 verba
942 2201 1101 2247 accipiat,
1134 2204 1173 2237 ut
1201 2204 1270 2239 120
1293 2202 1484 2237 maximum
1509 2202 1674 2245 omnium,
1699 2203 1748 2239 50
1772 2203 1836 2238 mi-

119 2257 254 2293 nimum
284 2258 443 2294 indicare
474 2269 658 2295 numerum
696 2259 833 2295 credat:
879 2268 1025 2295 numero
1056 2258 1151 2294 inter
1180 2258 1245 2295 hos
1277 2258 1486 2295 intermedio
1513 2260 1559 2296 85
1582 2259 1701 2304 posito
1739 2258 1836 2296 dicat

117 2315 279 2352 omnibus
302 2315 415 2352 fuisse
440 2317 487 2353 85
516 2321 552 2357 ><
585 2318 676 2353 1186
700 2332 746 2347 =
770 2317 793 2352 i.
820 2327 850 2352 e.
882 2316 928 2353 ad
954 2317 1116 2360 100,810.
1166 2316 1215 2352 Et
1244 2317 1310 2353 hoc
1341 2317 1484 2362 quidem
1513 2317 1661 2362 propius
1686 2327 1708 2352 a
1740 2318 1835 2353 veri—

114 2375 192 2408 tate
218 2372 346 2408 abesse
370 2383 413 2408 ex
437 2372 600 2418 Odyssea
625 2383 704 2408 cum
728 2373 842 2409 Iliade
875 2375 1082 2418 comparata
1117 2374 1233 2418 magis
1265 2374 1374 2409 etiam
1404 2373 1601 2418 apparebit.
1651 2372 1834 2420 Cephal-

116 2428 266 2465 lenum
290 2439 399 2465 naves
429 2431 469 2465 ut
505 2429 540 2465 in
565 2429 716 2466 Boeotia
757 2429 810 2465 ita
838 2430 875 2465 in
906 2429 1067 2475 Odyssea
1104 2439 1244 2475 quoque
1275 2431 1313 2476 (ι,
1342 2430 1425 2476 159)
1457 2430 1683 2466 duodecim
1712 2440 1834 2466 nume-

229 2551 261 2588 *)
285 2551 498 2590 Topoyraphie
517 2554 546 2582 et
560 2552 641 2590 plan
660 2553 845 2591 strateiyique
864 2552 900 2583 de
920 2552 941 2582 l’
957 2551 1068 2582 Iliade.
1107 2551 1206 2582 Paris
1227 2553 1319 2582 1867
1339 2561 1411 2583 avec
1429 2561 1489 2582 une
1509 2542 1600 2590 carte,
1620 2552 1654 2582 P.
1675 2553 1742 2583 270.
1757 2552 1834 2582 Vide

114 2607 184 2636 pag.
207 2599 259 2627 131
281 2608 365 2636 sequ.
