2038 2844
255 227 314 264 Sic
345 237 410 264 vos
433 226 507 270 illa,
534 227 663 272 quibus
693 238 761 272 per
775 228 882 272 plura
912 223 1086 278 (Ιθῇιιιιία
1111 222 1191 265 cum
1207 228 1338 267 schola
1372 230 1501 264 nostra
1537 227 1715 264 coniuncti
1743 217 1876 273 fuistis,

138 285 283 339 vincula
306 284 494 329 nodosque
519 284 591 320 iam
616 283 817 328 soluturos,
850 283 987 323 foliunt
1006 284 1116 320 hocce
1147 287 1392 330 prosequatur
1419 284 1711 328 novissimorum,
1744 284 1875 329 quibus

141 334 213 377 una
238 350 362 376 sumus
387 341 455 383 usi,
481 343 685 386 temporum
710 336 996 377 recordationem
1019 339 1056 376 in
1081 340 1289 377 memoriam
1315 350 1500 377 revocans.

252 397 352 433 Duas
377 397 480 441 Tibi,
505 397 632 433 Metti
657 398 712 434 vir
737 397 972 443 amplissime,
1009 386 1291 434 commendaturi
1314 407 1374 434 res
1400 407 1553 441 eramus,
1580 400 1616 433 et
1641 397 1735 443 quod
1761 397 1874 434 modo

142 454 294 490 diximus
309 464 376 499 per
400 454 689 489 recentissimum
699 455 900 500 magisterii
912 454 987 489 Tui
1012 454 1194 490 biennium
1205 453 1332 489 urbem
1356 454 1458 498 quasi
1483 454 1678 489 helluatam
1695 464 1779 491 esse
1796 455 1871 490 lae-

141 511 242 553 titia,
276 521 383 555 quam
414 520 474 546 res
509 520 670 546 summae
700 511 954 556 praesentibus
984 510 1206 555 temporibus
1245 513 1370 555 gestae
1401 510 1634 555 praebebant,
1677 520 1769 555 quae
1794 521 1873 546 cum

146 567 407 611 antiquissimis
440 566 590 602 heroum
616 570 916 611 compararentur
945 566 1193 612 dignissimae;
1229 571 1265 602 et
1296 577 1402 611 quam
1435 577 1479 602 ne
1512 576 1578 602 nos
1609 566 1767 611 quidem,
1813 567 1874 611 qui

144 623 277 659 litteris
303 623 530 668 potissimum
556 623 788 668 antiquitatis
815 633 963 668 operam
993 623 1131 666 damuS,
1166 634 1290 660 carere
1314 624 1494 668 possimus
1524 633 1753 659 numerorum
1783 626 1874 666 arte,

145 689 215 725 qua
240 690 307 725 per
336 681 383 717 36
407 679 484 715 fere
510 679 568 715 Tu
606 690 721 715 annos
747 679 943 724 discipulos
975 682 1119 715 nostros
1145 680 1333 716 instituere
1367 680 1519 725 impigre
1547 680 1749 724 perrexisti.
1798 680 1875 716 Iam

144 748 163 773 e
188 740 244 773 tot
270 737 414 782 quidem
439 747 614 773 annorum
641 737 822 773 laboribus
849 737 927 773 iure
955 737 1218 782 conquiescenti
1242 736 1335 772 Tibi
1362 747 1440 772 cum
1466 736 1662 772 domestica
1678 736 1873 772 liberorum

146 797 387 838 nepotumque
405 793 569 836 felicitas,
595 797 673 829 tum
695 797 732 828 et
751 794 938 829 literarum
953 793 1108 828 studium
1137 797 1174 829 et
1195 803 1281 828 usus
1306 794 1500 828 amicorum
1527 803 1703 829 summam
1722 793 1875 829 afferant

150 850 423 885 delectationem
448 860 514 894 per
538 850 662 893 plures
690 849 804 884 adhuc
830 854 995 894 optamus
1022 850 1150 885 annos!

259 906 317 941 Te
334 916 430 948 vero,
456 905 595 940 Kiihni
610 906 665 940 vir
679 906 991 949 reverendissime,
1020 906 1079 951 qui
1096 909 1136 941 ut
1154 906 1189 941 in
1207 907 1361 941 omnium
1374 909 1534 941 aetatum
1550 909 1698 951 praeter
1710 906 1876 942 Faustia-

145 974 227 999 nam
241 963 339 999 illam
353 962 483 998 fabulis
508 963 560 998 ita
584 963 619 998 in
637 963 759 1008 lingua
777 973 914 1008 quoque
940 963 1144 1007 litterisque
1170 964 1388 999 Graecorum
1406 963 1571 1008 occupari
1597 963 1723 998 solitus
1749 974 1771 998 a
1787 973 1876 1008 pue-

147 1021 197 1057 ris
229 1021 299 1056 iam
326 1020 537 1056 Maeonidae
565 1020 711 1056 amabas
737 1020 858 1066 legere
884 1021 1122 1064 narrationes,
1149 1017 1329 1067 ποιμένας
1353 1019 1453 1056 λαῶν
1484 1023 1521 1056 et
1545 1020 1739 1056 bellatores
1770 1020 1874 1056 nobis

146 1081 184 1115 et
200 1078 470 1114 concionatores
486 1077 721 1121 ostendentis,
737 1077 852 1113 denuo
869 1077 929 1120 Te,
941 1077 1086 1113 iamiam
1103 1078 1219 1122 ipsum
1233 1081 1417 1123 pastorem
1431 1078 1588 1123 gentium
1607 1076 1802 1122 (plebisve,
1819 1077 1874 1113 uti

147 1135 295 1171 aiebant
319 1135 558 1179 mediaevani)
584 1134 717 1168 factum
743 1134 881 1168 libellus
907 1134 963 1168 hic
988 1137 1140 1177 moneat,
1168 1137 1205 1169 et
1234 1137 1420 1179 pastorum
1454 1134 1555 1179 quasi
1580 1134 1756 1177 ordinem,
1794 1144 1871 1170 cum

147 1191 359 1235 antiquitate
385 1191 454 1225 iam
481 1194 627 1225 sanctus
654 1194 762 1233 esset,
789 1192 1054 1225 sanctissimum
1080 1201 1159 1225 esse
1184 1191 1316 1226 factum
1341 1192 1434 1226 illius
1452 1192 1561 1233 iussu,
1589 1191 1648 1235 qui
1674 1191 1771 1225 caelo
1789 1201 1872 1235 pro-

147 1249 273 1290 fectus,
300 1250 338 1282 ut
362 1247 523 1282 homines
549 1258 615 1291 pro
629 1247 787 1291 piscibus
812 1248 1049 1291 piscarentur,
1075 1251 1267 1291 pascerent
1296 1259 1361 1291 pro
1381 1248 1493 1292 agnis,
1524 1248 1716 1291 discipulos
1743 1248 1870 1291 elegit;

148 1307 184 1340 et
210 1305 246 1339 in
262 1304 385 1339 eadem
411 1303 561 1338 Tecum
586 1304 720 1338 morari
745 1303 832 1338 urbe
858 1314 920 1338 eos
947 1303 1005 1347 qui
1023 1304 1178 1338 amicitia
1204 1307 1310 1347 atque
1325 1315 1446 1339 amore
1472 1304 1554 1338 Vos
1581 1304 1749 1348 persequi
1775 1304 1873 1347 cupi-

148 1364 223 1404 ant,
253 1371 344 1396 nunc
370 1360 512 1405 quidem
539 1359 761 1395 faustissima
786 1370 947 1404 quaeque
973 1363 1057 1395 vota
1081 1371 1147 1405 pro
1175 1360 1337 1395 domibus
1363 1360 1538 1395 Vestris
1566 1371 1607 1395 ac
1632 1359 1791 1403 familiis,
1817 1360 1874 1395 vel

150 1428 216 1465 pro
242 1428 388 1454 munere
415 1427 517 1454 sacro
543 1417 751 1464 peragendo
777 1417 833 1453 vel
858 1428 925 1462 pro
951 1417 1046 1453 laeto
1072 1416 1135 1453 otii
1159 1427 1236 1461 usu,
1263 1420 1519 1462 nuncupantes.

262 1476 388 1511 Valete
415 1475 588 1519 nobisque
615 1478 651 1510 et
678 1475 819 1509 scholae
845 1477 991 1509 nostrae
1020 1474 1160 1519 pergite
1186 1473 1317 1510 favere.

264 1608 458 1644 Servestae
483 1608 598 1652 pridie
626 1607 718 1642 diem
746 1607 901 1642 natalem
919 1606 1096 1641 Guilielmi
1122 1606 1354 1650 Imperatoris
1372 1605 1499 1641 Invicti
1525 1616 1555 1641 a.
1573 1605 1871 1641 MDCCCLXXII.

339 1769 582 1825 Theophilus
613 1769 727 1812 Sticr.
787 1768 1006 1811 Fridericns
1036 1769 1230 1811 llammcr.
1291 1768 1521 1810 Guilielmus
1551 1769 1678 1811 Corte.

548 1845 773 1888 Franciscus
803 1845 1036 1888 Kindscher.
1097 1845 1266 1887 Kal-olus
1296 1845 1460 1887 Krause.
