2038 2844
815 156 1179 200 —7—

144 276 225 322 post
264 270 536 316 sesquialteram
566 281 608 307 eo
638 271 732 308 unde
762 274 868 308 erant
892 272 1031 317 egressi
1061 271 1255 308 revertisse
1281 281 1320 308 se
1345 270 1522 314 referunt;
1561 269 1664 306 nobis
1705 271 1857 306 nostrae

145 331 253 374 urbis,
281 329 398 366 11000
420 328 555 363 incolas
576 327 755 372 habentis,
784 331 839 375 (ut
862 332 919 365 est
942 329 1056 365 hortis
1081 328 1264 375 distincta)
1289 328 1505 365 suffecturae
1537 327 1677 363 milibus
1714 318 1862 372 quinde-

144 389 227 430 cim,
259 384 401 420 moenia
429 393 534 428 quam
562 384 724 427 proxime
749 384 956 420 radentibus
985 385 1143 421 tribus
1157 385 1268 421 horae
1293 385 1494 430 partibus
1524 384 1561 420 id
1587 383 1713 420 confici
1751 393 1860 428 posse

144 444 296 483 constat.
344 440 483 486 Duplus
508 440 621 486 igitur
644 440 774 478 Troiae
800 451 905 487 quam
929 441 1121 479 Servestae
1145 442 1310 479 ambitus.

255 500 303 535 Et
326 498 432 533 huius
459 498 602 541 quidem
618 498 981 543 circumscriptionem
1003 500 1100 545 (nam
1125 500 1151 534 a
1169 500 1290 534 circuli
1307 498 1423 534 forma
1445 509 1516 534 non
1540 498 1631 533 adeo
1654 496 1851 532 abhorrere

0 550 7 593 l
146 558 350 595 Servestam
375 553 517 590 Mettii
541 565 573 590 v.
592 554 624 590 d.
652 554 755 591 docet
779 554 1035 601 ichnographia
1048 555 1248 601 notissima)
1263 555 1461 591 stadiorum
1489 557 1548 599 153
1575 554 1753 591 diameter
1776 554 1861 599 4‚75

146 616 224 657 erit,
251 624 293 648 ra
302 612 387 647 dius
411 612 460 657 (r)
475 627 515 642 =
541 613 663 654 2‚375;
689 612 787 647 urbis
813 612 1057 656 amplitudinis
1083 612 1212 657 duplae
1237 612 1274 657 (i.
1288 623 1318 648 e.
1344 614 1392 650 30
1416 613 1630 656 stadiorum)
1647 611 1769 646 radius
1796 611 1860 657 (R)

145 687 190 703 =
214 670 306 714 4‚75.
355 668 547 714 Fingamus
573 667 699 704 Troiae
724 678 863 713 quoque
887 678 958 704 non
982 668 1034 704 ita
1063 668 1173 704 multo
1199 668 1371 704 ambitum
1396 679 1418 704 a
1443 669 1565 705 circuli
1589 668 1706 704 forma
1732 667 1862 704 abhor-

145 728 272 765 ruisse:
298 728 339 761 ut
363 724 439 760 r²n
465 724 512 760 ad
534 724 635 766 R2n,
663 725 714 761 sic
742 727 759 761 1
786 725 832 761 ad
854 727 878 763 4
903 725 982 770 erit,
1008 725 1102 761 unde
1126 725 1278 769 Troiam,
1306 736 1384 761 cum
1417 728 1571 771 quatuor
1601 725 1764 771 partibus
1798 736 1861 761 no-

146 788 223 821 stra
248 784 295 818 sit
319 782 408 818 urbe
434 782 547 817 maior
572 782 741 826 putanda,
766 785 790 819 4
813 788 848 824 ><
872 783 1145 828 11000(1500:j>)
1170 798 1217 812 =
1241 784 1361 819 44000
1378 783 1525 828 (60000)
1550 783 1685 818 incolas
1699 793 1861 827 compre-

146 840 300 877 hendere
324 836 487 884 potuisse
512 839 670 874 assecuti
695 849 824 874 sumus.

259 897 480 940 Quamquam
493 895 574 931 huic
588 896 640 931 rei
653 907 724 931 non
741 896 829 932 adeo
847 907 1012 941 magnam
1022 896 1183 931 tribuere
1200 896 1271 931 vim
1283 896 1470 938 voluerim;
1489 906 1572 931 nam
1591 907 1656 931 nec
1675 906 1860 931 servorum

146 964 283 1000 quoque
318 953 496 988 rationem
531 952 732 987 habendam
763 952 875 988 fuisse
921 962 987 988 nos
1025 952 1119 997 fugit
1157 955 1194 1003 et
1224 952 1437 997 antiquioris
1467 954 1669 988 structurae
1701 962 1813 997 genus
1839 962 1860 987 a

146 1013 268 1047 nostro
291 1008 404 1046 fuisse
428 1009 619 1045 diversum.
672 1009 714 1045 Id
736 1020 844 1045 unum
874 1010 1068 1046 tenendum
1093 1009 1178 1046 erit:
1233 1009 1400 1046 Hectoris
1431 1019 1508 1046 cum
1533 1009 1668 1046 Achille
1693 1010 1737 1046 de
1764 1010 1862 1046 vitae

147 1079 280 1104 summa
309 1068 481 1103 certantis
507 1068 601 1102 circa
629 1067 754 1102 urbem
778 1068 949 1102 ambitum
974 1068 1004 1102 si
1029 1070 1248 1111 reputamus,
1280 1067 1452 1102 minorem
1476 1067 1658 1102 moenibus
1690 1067 1861 1102 circulum

148 1124 237 1160 effici
262 1123 539 1166 aestimabimus,
571 1133 678 1167 quani
710 1124 741 1159 si
765 1134 948 1159 numerum
977 1126 1185 1168 reputamus
1221 1123 1429 1158 incolarum.
1488 1123 1575 1158 Post
1610 1123 1770 1167 quintam
1800 1122 1861 1158 de-

147 1191 240 1216 mum
264 1180 389 1216 horam
413 1190 478 1215 nos
504 1179 647 1224 quidem
672 1183 729 1216 ter
746 1179 968 1216 ambulantes
994 1180 1088 1216 circa
1114 1191 1237 1216 aream
1262 1180 1577 1224 Bunarbasianam,
1603 1180 1696 1216 unde
1722 1180 1859 1225 egressi

146 1246 296 1281 eramus,
328 1239 618 1279 reverteremur;
651 1237 735 1272 licet
759 1237 874 1272 tribus
900 1236 1061 1281 partibus
1087 1236 1212 1272 maiori
1238 1236 1424 1272 credamus
1450 1236 1632 1272 celeritate
1658 1237 1754 1272 viros
1780 1236 1861 1272 illos

146 1294 411 1330 robustissimos
436 1304 522 1329 usos
544 1293 657 1329 fuisse
684 1295 902 1340 (quanquam
930 1294 1103 1330 Achillem
1133 1295 1280 1330 vulnere
1312 1295 1349 1329 in
1374 1305 1466 1340 genu
1491 1298 1637 1339 accepto
1664 1298 1703 1329 ut
1727 1294 1860 1329 lentius

146 1351 323 1387 incederet
348 1351 510 1387 ceactum
534 1350 645 1386 fuisse
676 1351 831 1397 scimus),
863 1361 1012 1396 namque
1037 1352 1120 1398 περὶ
1145 1350 1269 1398 ψυχῆς
1294 1351 1387 1386 θέον
1406 1348 1584 1398 Ἕκτορος
1609 1348 1859 1399 ἱπποδάμοισι

147 1412 264 1444 tamen
294 1418 371 1444 cum
401 1408 594 1453 plurimum
625 1408 820 1452 circuitum,
860 1411 1011 1453 quantus
1051 1408 1314 1445 Bunarbasiani
1357 1412 1413 1444 est
1451 1409 1529 1444 clivi
1568 1411 1709 1444 tantum
1733 1408 1861 1444 Troiae

145 1465 254 1501 fuisse
278 1475 462 1510 ponamus.
512 1465 569 1501 Ita
600 1476 667 1510 quo
701 1466 911 1509 ampliorem
941 1465 1082 1508 urbem,
1107 1468 1147 1500 ut
1172 1468 1392 1501 armatorum
1417 1476 1479 1500 sex
1495 1465 1633 1501 milibus
1660 1475 1786 1510 parem
1810 1465 1864 1500 in—

146 1522 302 1557 colarum
326 1532 509 1558 numerum
537 1522 788 1567 comprehendi
820 1521 864 1557 ab
891 1532 935 1557 ea
967 1532 1074 1566 posse
1104 1521 1224 1558 dicere
1254 1522 1371 1566 liceat,
1401 1521 1513 1557 fuisse
1543 1521 1789 1557 statuerimus:
1820 1531 1862 1557 eo

146 1579 283 1623 longius
310 1579 435 1623 opinor
459 1579 607 1614 Achillis
634 1579 871 1623 Hectorisque
907 1579 1002 1614 circa
1027 1579 1167 1614 moenia
1208 1589 1334 1614 cursus
1368 1579 1412 1614 ab
1439 1579 1594 1614 Homero
1631 1579 1816 1622 expositus
1842 1589 1861 1613 a

148 1635 401 1679 probabilitate
426 1636 581 1671 recedet.
607 1656 655 1661 —

259 1692 330 1728 Sed
354 1693 442 1728 haec
466 1693 648 1728 hactenus.
699 1692 781 1728 Sive
805 1703 883 1729 cum
900 1692 944 1728 H.
972 1692 1218 1728 Schliemanno
1243 1692 1422 1736 faciemus,
1449 1693 1526 1727 viro
1551 1695 1592 1727 ut
1617 1692 1661 1727 ob
1688 1702 1863 1727 summum

145 1749 348 1796 studiorum·
361 1749 581 1785 Graecorum
606 1760 764 1785 amorem
789 1749 976 1792 laudando,
1002 1750 1054 1784 ita
1080 1749 1163 1794 quid
1189 1750 1236 1785 sit
1260 1752 1400 1794 poetae,
1427 1749 1511 1793 quid
1543 1759 1613 1783 non
1639 1749 1695 1792 sit,
1732 1759 1862 1792 parum

60 1794 125 1848 ςῖνι
147 1792 385 1851 intellegente,
398 1797 458 1860 sad
472 1816 559 1851 quos
586 1806 630 1842 ab
654 1806 715 1842 illo
727 1817 877 1843 avocare
902 1806 1063 1852 legentes
1090 1806 1205 1852 cupio,
1231 1817 1309 1843 cum
1326 1806 1467 1843 Hahnio
1492 1806 1641 1852 aliisque
1665 1805 1865 1841 hominibus

147 1862 325 1907 aliquanto
358 1863 576 1898 cautioribus
602 1864 716 1908 deque
740 1864 1041 1908 interpretatione
1065 1864 1213 1900 Homeri
1238 1865 1373 1908 optime.
1396 1864 1548 1899 meritis:
1574 1864 1697 1908 utique
1722 1873 1865 1908 pugnae

148 1918 192 1952 ab
205 1919 346 1954 Achivis
360 1919 492 1954 circum
504 1919 646 1954 Troiam
664 1920 885 1963 commissae,
905 1920 1003 1955 cuius
1030 1915 1124 1964 loc&
1142 1921 1215 1955 iam
1239 1920 1284 1955 ab
1299 1920 1451 1955 Horatio
1466 1920 1538 1966 (od.
1550 1922 1582 1963 3,
1609 1922 1641 1963 3,
1667 1920 1729 1965 40)
1745 1919 1866 1963 qualia

148 1978 250 2018 sunt!
263 1975 379 2026 hodie,
385 1975 430 2011 ab
443 1975 550 2011 subus
565 1976 658 2021 lupis
670 1976 833 2022 vulpibus
844 1976 998 2012 suffossa
1008 1976 1213 2022 refertaque
1224 1977 1357 2021 viperis
1368 1977 1511 2013 inventa
1524 1987 1604 2012 esse
1619 1979 1716 2021 puto,
1731 1986 1802 2011 non
1814 1976 1866 2011 in-

146 2031 272 2075 dignae
286 2032 453 2067 videntur
476 2031 587 2068 fuisse
613 2043 707 2077 quae
732 2043 811 2068 cum
835 2033 1054 2068 Parisiorum
1078 2033 1263 2069 obsidione
1288 2034 1535 2069 recentissima
1559 2035 1865 2077 compararentur.

148 2086 199 2122 De
211 2098 280 2132 qua
294 2088 377 2123 dum
392 2091 540 2124 narrant
556 2089 732 2133 aequales,
747 2099 823 2132 nos,
842 2089 902 2134 qui
916 2089 1131 2125 carminibus
1149 2090 1248 2126 illisa
1263 2090 1425 2135 parvulis
1435 2089 1598 2126 delectati
1609 2099 1740 2133 sumus,
1754 2089 1868 2125 multa

148 2154 237 2188 quae
262 2146 333 2182 illic
358 2146 559 2191 legeramus
585 2146 692 2182 rebus
714 2147 918 2192 nuperrime
946 2147 1058 2192 gestis
1086 2147 1187 2192 quasi
1211 2148 1386 2183 illustrari
1411 2148 1595 2191 laetamur,
1623 2147 1697 2182 sive
1715 2157 1865 2182 comme-

147 2204 243 2236 atum
266 2203 403 2248 ingenti
427 2204 599 2238 exercitui
622 2203 805 2248 provideri
836 2204 997 2249 legentes
1027 2204 1178 2239 navibus
1211 2204 1341 2240 cotidie
1367 2204 1500 2239 Lemno
1530 2203 1690 2239 advectis
1717 2202 1759 2248 (β
1786 2206 1866 2247 721,

149 2270 170 2300 ²]
193 2260 273 2304 467,
299 2260 333 2295 θ
357 2260 457 2306 230),
487 2260 562 2297 sive
588 2260 774 2297 ductorum
799 2263 1002 2307 spectantes
1028 2260 1190 2306 artificia,
1216 2261 1261 2297 de
1286 2261 1414 2306 quibus
1439 2260 1641 2298 Nicolaides
1668 2271 1687 2296 e
1712 2260 1868 2305 Napole-

148 2316 276 2352 oniana
299 2317 361 2352 illa
386 2318 566 2353 sententia
578 2318 612 2363 *)
638 2328 767 2353 exorso
793 2318 941 2354 consilio
966 2317 1095 2353 librum
1121 2328 1231 2363 supra
1255 2317 1441 2353 laudatum
1467 2317 1676 2362 composuit,
1703 2317 1779 2351 sive
1805 2316 1867 2352 de-

147 2371 251 2418 nique
275 2384 380 2411 neces
401 2374 678 2412 innumerabiles
704 2375 749 2412 ab
772 2375 929 2412 Homero
955 2374 1001 2411 ad
1024 2375 1142 2411 vivum
1166 2374 1332 2420 depictae
1357 2375 1418 2420 ita,
1444 2378 1484 2411 ut
1508 2374 1618 2411 oculis
1644 2373 1744 2419 quasi
1770 2373 1869 2410 vide-

148 2432 252 2465 antur
278 2431 474 2475 obversari,
507 2442 572 2467 nos
597 2436 759 2476 monent,
794 2436 880 2477 quot
904 2436 1051 2467 nostrae
1076 2442 1216 2476 quoque
1241 2431 1384 2474 domus,
1411 2435 1537 2467 nostra
1558 2431 1656 2474 urbs,
1683 2434 1718 2465 et
1745 2430 1868 2465 schola

148 2484 226 2529 ipsa
249 2486 405 2524 iacturas
430 2487 580 2524 fecerint
604 2488 893 2525 adolescentium.

148 2605 156 2627 ¹
180 2607 208 2637 'd
260 2564 424 2640 Pllorsqu'
445 2572 485 2594 on
500 2564 536 2593 lit
555 2565 574 2593 l'
594 2564 712 2601 Iliade,
743 2573 784 2594 on
809 2567 877 2594 sent
895 2565 916 2594 ὰ
936 2564 1051 2601 chaque
1070 2564 1193 2593 instant
1221 2564 1274 2600 qu'
1295 2563 1427 2593 Homere
1449 2573 1469 2593 a
1490 2564 1553 2600 fait
1572 2564 1601 2593 la
1621 2572 1739 2602 queri-e.
1779 2562 1871 2592 Nico-

150 2616 188 2636 ,αι
209 2618 240 2638 es
273 2633 281 2642 .
312 2634 318 2641 .
