2038 2844
437 223 470 255 6.
496 220 597 255 Doch
622 232 658 255 es
681 219 761 254 kam
787 219 849 254 der
876 220 951 267 Tay
975 241 1022 245 —
1046 219 1108 255 des
1132 219 1258 256 Schera
1281 221 1397 256 Mund

492 277 565 312 that
590 277 690 325 lange
714 289 820 311 zuvor
843 276 905 312 iim
929 275 1006 312 dem
1033 276 1136 313 Volke
1160 276 1267 324 kund,

492 334 539 369 da
564 334 625 369 des
650 333 947 381 lanzenlcundzyen
971 333 1136 369 Priamo-⁹
1160 335 1262 370 Haus

490 391 642 426 hinsank
665 389 741 425 und
763 389 820 425 die
845 388 947 425 Stadc
980 390 1018 425 in
1041 388 1165 425 Sckutt
1188 390 1264 426 und
1287 391 1417 427 Graue.
1443 413 1489 418 —

432 491 464 522 8.
492 486 573 522 Und
596 486 658 521 der
685 486 759 534 Tay
784 486 830 520 ist
851 485 1047 534 yekommen
1073 507 1120 514 —
1146 486 1322 521 Victoria!
1346 507 1391 512 —-

491 543 554 579 der
581 543 664 592 Tay,
692 542 754 578 der
777 542 949 578 rdchende
977 543 1051 590 Tay
1074 544 1121 578 ist
1144 542 1201 588 da,

488 600 551 636 der
575 600 631 636 die
652 600 819 648 yallzkclce
844 600 966 635 Riesin
992 613 1034 635 zu
1057 598 1181 635 Boden
1203 600 1304 648 waff,

486 671 550 693 von
578 657 640 692 der
665 657 821 693 Flamme
842 656 1039 705 qebdndiqt,
1065 670 1142 692 vom
1165 656 1316 693 Schwert
1339 671 1378 693 80
1403 658 1535 705 schaz-f.

1355 714 1501 759 (Kladd.
1526 719 1582 750 28.
1605 715 1748 750 Januar
1772 715 1884 760 1871).

320 771 391 807 Sed
417 771 448 807 si
474 771 547 807 vati
573 771 720 807 Homeri
746 771 992 807 amantissimo
1019 770 1118 806 licuit
1143 770 1230 807 haec
1257 771 1386 815 dicere,
1422 782 1507 807 num
1532 772 1634 808 nobis
1666 782 1815 818 quoque,
1847 771 1929 807 dum

204 840 296 873 quae
329 829 447 863 divino
474 828 628 872 quodam
655 828 784 872 spiritu
810 828 869 862 ille
895 827 1134 863 infiammatus
1160 831 1217 863 est
1249 838 1374 871 ausuS,
1407 828 1529 864 sobria
1559 832 1679 863 mente
1709 831 1929 873 reputamus,

204 885 329 921 eodem
356 885 434 920 iure
460 884 579 920 licebit
606 884 788 919 Lutetiam
814 884 892 927 Ilio,
918 883 1106 919 Germanis
1130 884 1227 920 illam
1252 884 1542 930 oppugnantibus
1568 885 1763 921 exercitum
1789 895 1929 931 compa·

202 952 284 977 rare
311 941 554 976 Graecorum?
592 970 601 977 .

319 998 366 1033 Et
392 997 650 1033 Germanorum
677 997 821 1041 quidem
840 997 1077 1032 recentissimi
1103 997 1300 1041 scriptores
1333 997 1581 1033 demonstrant
1606 998 1707 1034 initio
1729 998 1929 1043 quindecim

202 1055 278 1090 fere
303 1054 414 1089 fuisse
438 1051 625 1100 μυριάδας
656 1054 710 1100 (ut
735 1055 852 1098 ipsum
875 1053 1009 1089 habeas
1035 1064 1229 1096 numerum,
1270 1055 1435 1097 146986),
1468 1054 1594 1099 quibus
1621 1055 1814 1099 superbum
1842 1055 1929 1090 illud

202 1111 343 1146 Galliae
371 1113 489 1155 caput,
517 1110 611 1155 quod
638 1110 707 1144 sibi
734 1113 899 1145 centrum
925 1110 1026 1154 quasi
1052 1109 1241 1144 videbatur
1257 1109 1354 1145 orbis
1380 1120 1472 1154 esse,
1498 1110 1683 1146 obsidione
1709 1111 1852 1156 cingere
1876 1111 1928 1146 in-

203 1168 398 1212 stituerint,
433 1170 516 1213 post
539 1167 759 1203 incremento
791 1167 946 1212 quinque
976 1167 1173 1212 myriadum
1203 1170 1346 1202 auctum
1376 1167 1585 1213 exercitum‚·
1616 1167 1774 1204 Graecos
1805 1170 1928 1204 contra

202 1226 314 1261 multo
357 1225 548 1270 pauciores
573 1224 687 1260 fuisse
719 1225 867 1260 credere
898 1224 1025 1269 opinor
1055 1224 1323 1267 consuevimus,
1361 1225 1469 1260 urbes
1502 1235 1642 1270 quoque
1671 1228 1747 1260 tum
1772 1225 1928 1260 munitas

202 1283 306 1327 longe
325 1282 479 1317 maiores
507 1291 588 1317 esse
619 1281 717 1316 visas
745 1291 851 1325 quam
875 1280 1000 1315 fuisse.
1050 1280 1121 1315 Sed
1145 1290 1227 1315 num
1254 1281 1452 1326 quicunque
1476 1281 1624 1317 Homeri
1651 1282 1809 1317 carmina
1835 1283 1931 1327 lege-

200 1339 288 1375 bant
315 1342 411 1374 recte
439 1338 519 1382 sibi,
548 1342 704 1383 quantus
724 1338 943 1373 Graecorum
969 1337 1148 1373 exercitus
1165 1337 1284 1380 fuerit,
1311 1338 1529 1383 cogitatione
1558 1338 1739 1382 finxerint,
1766 1339 1802 1374 in
1835 1339 1927 1375 hanc

200 1396 379 1440 inquirere
406 1395 657 1439 quaestionem
682 1394 783 1429 nobis
810 1404 851 1429 eo
883 1394 997 1439 magis
1018 1393 1160 1429 videtur
1180 1403 1260 1429 esse
1273 1394 1428 1439 pretium
1446 1404 1588 1440 operae,
1614 1395 1781 1440 quoniam
1806 1405 1929 1431 recen—

203 1452 354 1487 tissimis
380 1452 602 1497 temporibus
629 1451 715 1496 quin
739 1451 794 1486 his
817 1451 905 1496 ipsis
937 1450 1119 1486 mensibus
1155 1450 1317 1486 homines
1352 1451 1480 1487 studiis
1507 1451 1656 1487 Graecis
1681 1452 1793 1487 dediti
1822 1455 1929 1497 atque

202 1509 346 1550 addicti,
378 1518 457 1543 cum
483 1508 610 1552 Anglis
637 1507 929 1550 Americanisque
955 1507 1070 1541 nostri
1094 1507 1321 1550 potissimum
1354 1508 1560 1552 populares,
1602 1508 1680 1543 loca
1710 1508 1771 1543 illa
1801 1508 1927 1552 quibus

202 1574 261 1600 res
293 1564 337 1600 ab
361 1564 516 1599 Homero
543 1566 712 1599 narratae
739 1566 862 1608 gestae
898 1565 998 1605 sunt,
1025 1562 1196 1606 viserunt,
1223 1563 1375 1598 dimensi
1401 1566 1494 1607 sunt,
1522 1563 1799 1608 exquisiverunt.
1850 1563 1928 1607 Qua

202 1622 246 1656 de
273 1632 312 1656 re
338 1621 523 1665 quominus
549 1620 751 1655 accuratius
778 1630 1051 1664 cognoscamus,
1083 1630 1187 1654 nemo
1212 1630 1278 1654 nos
1312 1620 1497 1655 obiciendo
1532 1620 1675 1655 nonnisi
1701 1620 1839 1656 fabulas
1865 1631 1927 1656 an-

200 1679 320 1722 tiquas
347 1688 368 1712 a
381 1680 489 1722 po'eta
499 1687 562 1712 suo
589 1676 694 1711 modo
724 1677 759 1711 in
785 1676 896 1711 Iliade
909 1676 1126 1720 etrepetitas
1139 1679 1176 1711 et
1194 1679 1384 1711 exornatas
1400 1686 1480 1712 esse
1497 1676 1709 1721 prohibebit
1735 1676 1815 1712 Non
1833 1677 1926 1713 enim

201 1735 236 1770 id
253 1734 355 1770 nobis
374 1734 517 1769 videtur
527 1734 596 1778 agi,
623 1733 853 1769 evenerintue
876 1733 1210 1769 revelacertamina
1235 1733 1278 1769 ab
1298 1733 1454 1769 Homero
1481 1729 1694 1788 celebratae,
1722 1737 1759 1770 et
1766 1734 1924 1801 &quando

199 1792 282 1827 illae
309 1802 369 1827 les
395 1794 502 1836 atque
527 1791 587 1826 ubi
613 1790 807 1833 evenerint,
835 1790 899 1826 sed
924 1791 1044 1834 potius
1072 1801 1141 1834 quo
1166 1793 1329 1834 tempore
1340 1791 1425 1826 Ilias
1452 1794 1488 1826 et
1505 1791 1666 1836 Odyssea
1679 1773 1795 1847 qualis
1820 1791 1924 1828 hodie

202 1851 342 1883 exstant
368 1848 461 1883 tales
487 1858 508 1882 a
534 1846 682 1882 Graecis
709 1857 847 1891 quoque
877 1847 1059 1888 veteribus
1090 1846 1317 1892 legebantur,
1351 1846 1561 1891 quibusnam
1586 1850 1662 1883 tum
1686 1847 1773 1883 locis
1807 1847 1925 1882 omnia

201 1909 237 1940 et
263 1915 335 1949 qua
360 1905 499 1940 ratione
525 1903 618 1939 facta
645 1913 727 1939 esse
753 1903 915 1948 legentes
937 1903 1166 1939 crediderint.
1265 1937 1268 1940 ,

318 1961 557 2003 Quamobrem
588 1963 627 1995 ut
658 1960 702 1995 ab
737 1960 894 1995 Henrico
929 1960 1199 1995 Schliemann
1228 1960 1304 1995 viro
1337 1960 1542 1996 doctissimo
1564 1962 1598 2006 *)
1628 1961 1822 1996 Homerum
1846 1961 1924 1996 loco

198 2018 360 2054 historici
386 2017 649 2062 diligentissimi
674 2016 840 2060 habente,
867 2017 951 2061 quin
976 2017 1078 2061 quasi
1103 2016 1337 2062 tachygraphi
1361 2016 1471 2052 verba
1509 2017 1628 2053 omnia
1658 2017 1785 2054 ducum
1810 2018 1925 2054 iussa-

200 2086 266 2120 que
293 2075 389 2110 notis
416 2074 643 2119 excepissent
669 2074 836 2119 religiose
862 2073 949 2109 haec
966 2073 1172 2118 posteritati
1199 2083 1279 2109 esse
1296 2073 1430 2109 tradita
1448 2074 1628 2118 credente,
1655 2074 1762 2120 longe
1787 2074 1925 2111 dissen-

200 2133 326 2167 timus:
352 2132 402 2167 ita
428 2142 506 2167 cum
531 2131 559 2166 I.
572 2131 614 2166 G.
641 2131 767 2166 Hahn
793 2130 913 2175 equite
927 2130 1146 2166 Graecarum
1172 2140 1293 2165 rerum
1309 2131 1539 2175 peritissimo,
1565 2134 1795 2176 praematura
1810 2142 1927 2177 nuper

198 2192 313 2224 morte
330 2188 431 2223 nobis
459 2191 596 2232 erepto,
621 2186 741 2223 facere
766 2187 883 2222 nullus
908 2187 1042 2229 dubito,
1071 2187 1131 2231 qui
1156 2187 1193 2222 in
1218 2187 1313 2223 calce
1338 2187 1674 2224 dissertatiunculae
1691 2188 1746 2235 **)
1771 2189 1823 2224 ita
1847 2188 1924 2225 fere

198 2246 371 2291 loquitur:
409 2244 485 2279 Der
509 2243 644 2292 Sdnyer
669 2243 752 2279 oder
777 2243 832 2279 die
857 2243 993 2293 Sc‘inqer
1024 2243 1086 2278 der
1109 2243 1199 2279 Ilias
1228 2244 1432 2293 schmz'eqten
1457 2243 1513 2280 die
1541 2245 1578 2281 in
1612 2244 1674 2281 der
1700 2245 1837 2281 Troade
1862 2258 1924 2281 an-

314 2322 341 2358 *)
362 2321 489 2357 Ithaka,
519 2321 572 2350 der
599 2321 800 2358 Peloponnes,
823 2320 890 2350 und
913 2320 1015 2350 Troia.
1057 2320 1187 2358 Leipzig]
1208 2322 1306 2349 1869.
1348 2321 1412 2350 Mic
1432 2323 1450 2350 4
1470 2321 1612 2360 Lithoyr.
1637 2331 1668 2351 u.
1689 2324 1712 2351 2
1734 2322 1865 2352 Karten.
1887 2338 1924 2343 —

199 2369 246 2398 Ab
267 2369 374 2398 eodem
400 2368 575 2406 nuperrime
604 2368 748 2405 epistolae
774 2368 882 2396 missae
907 2367 1023 2404 publici
1053 2367 1127 2396 iuris
1156 2366 1254 2396 factae
1274 2368 1306 2396 in
1326 2368 1538 2405 Ephemeridis
1557 2369 1753 2407 Augustanae
1772 2369 1924 2398 mantissis

197 2416 325 2454 (Auysb.
345 2415 428 2454 Ally.
451 2415 518 2454 Zty.
541 2416 625 2455 1870,
649 2416 712 2444 144.
733 2432 769 2436 —
793 2415 877 2452 1872,
898 2416 937 2451 7).

313 2465 365 2502 **)
386 2464 450 2493 Die
476 2464 728 2501 Ausarabunyen
756 2463 819 2499 auf
842 2462 896 2492 der
916 2463 1139 2492 Homerischen
1164 2463 1343 2501 Peryamos.
1382 2464 1513 2503 Leipziq
1541 2466 1641 2494 1865.
1681 2465 1746 2495 Mit
1773 2466 1792 2494 4
1815 2464 1926 2501 Tafeln

197 2513 235 2541 36
257 2512 285 2542 S.
309 2512 455 2541 Eiusdem
476 2511 609 2541 auctoris
638 2514 728 2540 antea
747 2510 944 2549 prodierunt:
995 2511 1205 2549 Aphorismen
1234 2511 1309 2541 iiber
1329 2511 1388 2542 den
1407 2512 1483 2542 Bau
1514 2512 1569 2542 der
1588 2512 1671 2542 Ilias
1699 2512 1767 2543 und
1791 2512 1924 2551 Odyssea

197 2561 280 2591 Jena
301 2562 400 2590 1856.
425 2562 468 2589 84
489 2560 521 2590 S.
544 2576 581 2582 -
603 2559 724 2590 Proben
745 2559 960 2590 Homeriseher
979 2559 1172 2589 Arithmetik.
1214 2558 1296 2589 Jena
1316 2561 1418 2590 1358.
1441 2561 1485 2589 96
1507 2559 1539 2589 S.
